
<marc:record><marc:leader>01332cim a2200277 c 4500</marc:leader>
<marc:controlfield tag="001">990940762944702202</marc:controlfield>
<marc:controlfield tag="003">BIBSYS</marc:controlfield><marc:controlfield tag="005">20230303091449.0</marc:controlfield><marc:controlfield tag="007">sd f||||||||||</marc:controlfield><marc:controlfield tag="008">140108s2010    no#|||| |||||||f#|||nob| </marc:controlfield><marc:datafield tag="020" ind1=" " ind2=" "><marc:subfield code="a">9788242148407</marc:subfield><marc:subfield code="c">Nkr 379.00</marc:subfield></marc:datafield><marc:datafield tag="041" ind1="1" ind2=" "><marc:subfield code="h">eng</marc:subfield><marc:subfield code="d">nob</marc:subfield></marc:datafield><marc:datafield tag="080" ind1=" " ind2=" "><marc:subfield code="a">820</marc:subfield></marc:datafield><marc:datafield tag="082" ind1="7" ind2="4"><marc:subfield code="a">813</marc:subfield><marc:subfield code="q">NO-OsNB</marc:subfield><marc:subfield code="2">5/nor</marc:subfield></marc:datafield><marc:datafield tag="100" ind1="1" ind2=" "><marc:subfield code="a">McCarthy, Cormac</marc:subfield><marc:subfield code="d">1933-2023</marc:subfield><marc:subfield code="0">(NO-TrBIB)90348328</marc:subfield><marc:subfield code="1">http://viaf.org/viaf/29558386</marc:subfield><marc:subfield code="4">http://rdaregistry.info/Elements/w/object/P10061</marc:subfield></marc:datafield><marc:datafield tag="240" ind1="1" ind2="4"><marc:subfield code="a">The road</marc:subfield><marc:subfield code="l">Norsk</marc:subfield><marc:subfield code="k">Novel</marc:subfield><marc:subfield code="1">http://viaf.org/viaf/220031159</marc:subfield></marc:datafield><marc:datafield tag="245" ind1="1" ind2="0"><marc:subfield code="a">Veien</marc:subfield><marc:subfield code="c">Cormac McCarthy ; oversatt av Knut Ofstad</marc:subfield><marc:subfield code="h">[lydopptak]</marc:subfield></marc:datafield><marc:datafield tag="246" ind1="1" ind2=" "><marc:subfield code="a">The road</marc:subfield><marc:subfield code="i">Originaltittel</marc:subfield></marc:datafield><marc:datafield tag="260" ind1=" " ind2=" "><marc:subfield code="a">[Melhus]</marc:subfield><marc:subfield code="b">Lydbokforl.</marc:subfield><marc:subfield code="c">2010</marc:subfield></marc:datafield><marc:datafield tag="300" ind1=" " ind2=" "><marc:subfield code="a">6 plater (CD) (6 t, 41 min)</marc:subfield><marc:subfield code="b">digital</marc:subfield><marc:subfield code="c">12 cm, i eske</marc:subfield></marc:datafield><marc:datafield tag="336" ind1=" " ind2=" "><marc:subfield code="a">spoken word</marc:subfield><marc:subfield code="2">rdacontent</marc:subfield><marc:subfield code="0">http://rdaregistry.info/termList/RDAContentType/1013</marc:subfield></marc:datafield><marc:datafield tag="337" ind1=" " ind2=" "><marc:subfield code="a">audio</marc:subfield><marc:subfield code="2">rdamedia</marc:subfield><marc:subfield code="0">http://rdaregistry.info/termList/RDAMediaType/1001</marc:subfield></marc:datafield><marc:datafield tag="338" ind1=" " ind2=" "><marc:subfield code="a">audio disc</marc:subfield><marc:subfield code="2">rdacarrier</marc:subfield><marc:subfield code="0">http://rdaregistry.info/termList/RDACarrierType/1004</marc:subfield></marc:datafield><marc:datafield tag="500" ind1=" " ind2=" "><marc:subfield code="a">Lest av Trond Brænne</marc:subfield></marc:datafield><marc:datafield tag="700" ind1="1" ind2=" "><marc:subfield code="a">Brænne, Trond</marc:subfield><marc:subfield code="d">1953-2013</marc:subfield><marc:subfield code="e">medarb.</marc:subfield><marc:subfield code="0">(NO-TrBIB)90051057</marc:subfield><marc:subfield code="1">http://viaf.org/viaf/27122071</marc:subfield><marc:subfield code="4">http://rdaregistry.info/Elements/e/object/P20022</marc:subfield></marc:datafield><marc:datafield tag="700" ind1="1" ind2=" "><marc:subfield code="a">Ofstad, Knut</marc:subfield><marc:subfield code="4">trl</marc:subfield><marc:subfield code="1">http://viaf.org/viaf/225596267</marc:subfield><marc:subfield code="4">http://rdaregistry.info/Elements/e/object/P20037</marc:subfield></marc:datafield></marc:record>