
<marc:record><marc:leader>02458cgm a2200409 c 4500</marc:leader>
<marc:controlfield tag="001">999919962104602202</marc:controlfield>
<marc:controlfield tag="003">BIBSYS</marc:controlfield><marc:controlfield tag="005">20230105135604.0</marc:controlfield><marc:controlfield tag="007">vd#|v||||</marc:controlfield><marc:controlfield tag="008">140811s2007    xx |||||||||||    v|eng|d</marc:controlfield><marc:datafield tag="024" ind1="3" ind2=" "><marc:subfield code="a">7332431029293</marc:subfield></marc:datafield><marc:datafield tag="082" ind1="0" ind2="4"><marc:subfield code="a">810s</marc:subfield><marc:subfield code="2">21</marc:subfield></marc:datafield><marc:datafield tag="083" ind1="0" ind2=" "><marc:subfield code="a">791.43s</marc:subfield><marc:subfield code="2">21</marc:subfield></marc:datafield><marc:datafield tag="130" ind1="0" ind2=" "><marc:subfield code="a"></marc:subfield><marc:subfield code="a">No country for old men</marc:subfield><marc:subfield code="k">Movie</marc:subfield><marc:subfield code="1">https://www.imdb.com/title/tt0477348</marc:subfield></marc:datafield><marc:datafield tag="245" ind1="0" ind2="0"><marc:subfield code="a">No country for old men</marc:subfield><marc:subfield code="c">en film fra Coen brødrene</marc:subfield><marc:subfield code="h">[videoopptak]</marc:subfield></marc:datafield><marc:datafield tag="260" ind1=" " ind2=" "><marc:subfield code="a">[Oslo]</marc:subfield><marc:subfield code="b">Paramount Home Entertainment (Norway)</marc:subfield><marc:subfield code="c">cop. 2007</marc:subfield></marc:datafield><marc:datafield tag="300" ind1=" " ind2=" "><marc:subfield code="a">1 videoplate (DVD-video) (117 min)</marc:subfield><marc:subfield code="b">lyd, kol.</marc:subfield></marc:datafield><marc:datafield tag="336" ind1=" " ind2=" "><marc:subfield code="a">two-dimensional moving image</marc:subfield><marc:subfield code="2">rdacontent</marc:subfield><marc:subfield code="0">http://rdaregistry.info/termList/RDAContentType/1023</marc:subfield></marc:datafield><marc:datafield tag="337" ind1=" " ind2=" "><marc:subfield code="a">audio</marc:subfield><marc:subfield code="2">rdamedia</marc:subfield><marc:subfield code="0">http://rdaregistry.info/termList/RDAMediaType/1008</marc:subfield></marc:datafield><marc:datafield tag="338" ind1=" " ind2=" "><marc:subfield code="a">video disc</marc:subfield><marc:subfield code="2">rdacarrier</marc:subfield><marc:subfield code="0">http://rdaregistry.info/termList/RDACarrierType/1060</marc:subfield></marc:datafield><marc:datafield tag="490" ind1="1" ind2=" "><marc:subfield code="a">S film</marc:subfield></marc:datafield><marc:datafield tag="500" ind1=" " ind2=" "><marc:subfield code="a">Aldersgrense: 15 år</marc:subfield></marc:datafield><marc:datafield tag="500" ind1=" " ind2=" "><marc:subfield code="a">Bygger på: No county for old men / Cormac McCarthy</marc:subfield></marc:datafield><marc:datafield tag="500" ind1=" " ind2=" "><marc:subfield code="a">Ekstramateriale</marc:subfield></marc:datafield><marc:datafield tag="500" ind1=" " ind2=" "><marc:subfield code="a">Engelsk tale; norske undertekster valgbare</marc:subfield></marc:datafield><marc:datafield tag="500" ind1=" " ind2=" "><marc:subfield code="a">Medietilsynet : 123717</marc:subfield></marc:datafield><marc:datafield tag="500" ind1=" " ind2=" "><marc:subfield code="a">NO1136326</marc:subfield></marc:datafield><marc:datafield tag="500" ind1=" " ind2=" "><marc:subfield code="a">Produksjon: USA : Paramount Vantage/Miramax Films, 2007</marc:subfield></marc:datafield><marc:datafield tag="500" ind1=" " ind2=" "><marc:subfield code="a">Rolleliste: Javier Bardem, Tommy Lee Jones, Josh Brolin</marc:subfield></marc:datafield><marc:datafield tag="500" ind1=" " ind2=" "><marc:subfield code="a">Thriller</marc:subfield></marc:datafield><marc:datafield tag="700" ind1="1" ind2=" "><marc:subfield code="a">Bardem, Javier</marc:subfield><marc:subfield code="d">1969-</marc:subfield><marc:subfield code="0">(NO-TrBIB)1016701</marc:subfield><marc:subfield code="4">act</marc:subfield><marc:subfield code="1">https://isni.org/isni/0000000121413793</marc:subfield><marc:subfield code="4">http://rdaregistry.info/Elements/e/object/P20012</marc:subfield></marc:datafield><marc:datafield tag="700" ind1="1" ind2=" "><marc:subfield code="a">Brolin, Josh</marc:subfield><marc:subfield code="d">1968-</marc:subfield><marc:subfield code="0">(NO-TrBIB)8048461</marc:subfield><marc:subfield code="4">act</marc:subfield><marc:subfield code="1">https://isni.org/isni/0000000109217300</marc:subfield><marc:subfield code="4">http://rdaregistry.info/Elements/e/object/P20012</marc:subfield></marc:datafield><marc:datafield tag="700" ind1="1" ind2=" "><marc:subfield code="a">Coen, Ethan</marc:subfield><marc:subfield code="d">1957-</marc:subfield><marc:subfield code="0">(NO-TrBIB)90809840</marc:subfield><marc:subfield code="4">pro</marc:subfield><marc:subfield code="4">drt</marc:subfield><marc:subfield code="4">aus</marc:subfield><marc:subfield code="1">https://isni.org/isni/0000000121417460</marc:subfield><marc:subfield code="e">film producer</marc:subfield><marc:subfield code="4">http://rdaregistry.info/Elements/w/object/P10013</marc:subfield><marc:subfield code="e">screenwriter</marc:subfield><marc:subfield code="4">http://rdaregistry.info/Elements/w/object/P10073</marc:subfield><marc:subfield code="4">http://rdaregistry.info/Elements/w/object/P10203</marc:subfield></marc:datafield><marc:datafield tag="700" ind1="1" ind2=" "><marc:subfield code="a">Coen, Joel</marc:subfield><marc:subfield code="d">1954-</marc:subfield><marc:subfield code="0">(NO-TrBIB)90809839</marc:subfield><marc:subfield code="4">pro</marc:subfield><marc:subfield code="4">drt</marc:subfield><marc:subfield code="4">aus</marc:subfield><marc:subfield code="1">https://isni.org/isni/0000000120296767</marc:subfield><marc:subfield code="4"></marc:subfield><marc:subfield code="4">http://rdaregistry.info/Elements/w/object/P10013</marc:subfield><marc:subfield code="4">http://rdaregistry.info/Elements/w/object/P10073</marc:subfield><marc:subfield code="4">http://rdaregistry.info/Elements/w/object/P10203</marc:subfield></marc:datafield><marc:datafield tag="700" ind1="1" ind2=" "><marc:subfield code="a">Jones, Tommy Lee</marc:subfield><marc:subfield code="d">1946-</marc:subfield><marc:subfield code="0">(NO-TrBIB)98014251</marc:subfield><marc:subfield code="4">act</marc:subfield><marc:subfield code="1">https://isni.org/isni/000000010921736X</marc:subfield><marc:subfield code="4">http://rdaregistry.info/Elements/e/object/P20012</marc:subfield></marc:datafield><marc:datafield tag="758" ind1="1" ind2="0"><marc:subfield code="a">No country for old men</marc:subfield><marc:subfield code="1">http://viaf.org/viaf/214012164</marc:subfield><marc:subfield code="4">http://rdaregistry.info/Elements/w/object/P10129</marc:subfield></marc:datafield><marc:datafield tag="830" ind1=" " ind2="0"><marc:subfield code="a">S film</marc:subfield></marc:datafield></marc:record>