
<marc:record><marc:leader>02103cgm a2200361 c 4500</marc:leader>
<marc:controlfield tag="001">999920049602702202</marc:controlfield>
<marc:controlfield tag="003">BIBSYS</marc:controlfield><marc:controlfield tag="005">20200709101153.0</marc:controlfield><marc:controlfield tag="007">vd#|v||||</marc:controlfield><marc:controlfield tag="008">150202s2009    xx |||||||||||q   v|eng|d</marc:controlfield><marc:datafield tag="082" ind1="0" ind2="4"><marc:subfield code="a">791.4372</marc:subfield><marc:subfield code="2">23</marc:subfield><marc:subfield code="q">NoOU</marc:subfield></marc:datafield><marc:datafield tag="130" ind1="0" ind2=" "><marc:subfield code="a">The Road</marc:subfield><marc:subfield code="k">Movie</marc:subfield><marc:subfield code="1">https://www.imdb.com/title/tt0898367</marc:subfield></marc:datafield><marc:datafield tag="245" ind1="0" ind2="4"><marc:subfield code="a">The Road</marc:subfield><marc:subfield code="c">regi: John Hillcoat</marc:subfield><marc:subfield code="h">[videoopptak]</marc:subfield></marc:datafield><marc:datafield tag="260" ind1=" " ind2=" "><marc:subfield code="a">[S.l.]</marc:subfield><marc:subfield code="b">Dimension Films</marc:subfield><marc:subfield code="b">2929 Productions</marc:subfield><marc:subfield code="b">Scanbox Entertainment Denmark</marc:subfield><marc:subfield code="c">2009</marc:subfield></marc:datafield><marc:datafield tag="300" ind1=" " ind2=" "><marc:subfield code="a">1 plate (DVD-video) (111 min)</marc:subfield><marc:subfield code="b">lyd, kol.</marc:subfield></marc:datafield><marc:datafield tag="336" ind1=" " ind2=" "><marc:subfield code="a">two-dimensional moving image</marc:subfield><marc:subfield code="2">rdacontent</marc:subfield><marc:subfield code="0">http://rdaregistry.info/termList/RDAContentType/1023</marc:subfield></marc:datafield><marc:datafield tag="337" ind1=" " ind2=" "><marc:subfield code="a">audio</marc:subfield><marc:subfield code="2">rdamedia</marc:subfield><marc:subfield code="0">http://rdaregistry.info/termList/RDAMediaType/1008</marc:subfield></marc:datafield><marc:datafield tag="338" ind1=" " ind2=" "><marc:subfield code="a">video disc</marc:subfield><marc:subfield code="2">rdacarrier</marc:subfield><marc:subfield code="0">http://rdaregistry.info/termList/RDACarrierType/1060</marc:subfield></marc:datafield><marc:datafield tag="500" ind1=" " ind2=" "><marc:subfield code="a">Basert på: The road / Cormac McCarthy</marc:subfield></marc:datafield><marc:datafield tag="500" ind1=" " ind2=" "><marc:subfield code="a">Drama/thriller</marc:subfield></marc:datafield><marc:datafield tag="500" ind1=" " ind2=" "><marc:subfield code="a">Engelsk tale; danske, norske, islandske, svenske og finske undertekster valgbare</marc:subfield></marc:datafield><marc:datafield tag="500" ind1=" " ind2=" "><marc:subfield code="a">Inneholder ekstramateriell</marc:subfield></marc:datafield><marc:datafield tag="500" ind1=" " ind2=" "><marc:subfield code="a">Medietilsynet : 150489</marc:subfield></marc:datafield><marc:datafield tag="500" ind1=" " ind2=" "><marc:subfield code="a">NOS9860SV</marc:subfield></marc:datafield><marc:datafield tag="511" ind1="1" ind2=" "><marc:subfield code="a">Viggo Mortensen, Kodi Smit-McPhee, Robert Duvall, Charlize Theron m.fl.</marc:subfield></marc:datafield><marc:datafield tag="521" ind1=" " ind2=" "><marc:subfield code="a">Aldersgrense 15 år</marc:subfield></marc:datafield><marc:datafield tag="600" ind1="1" ind2=" "><marc:subfield code="t">The road</marc:subfield></marc:datafield><marc:datafield tag="700" ind1="1" ind2=" "><marc:subfield code="a">Duvall, Robert</marc:subfield><marc:subfield code="d">1931-</marc:subfield><marc:subfield code="0">(NO-TrBIB)90924709</marc:subfield><marc:subfield code="4">act</marc:subfield><marc:subfield code="1">https://isni.org/isni/0000000114558548</marc:subfield><marc:subfield code="4">http://rdaregistry.info/Elements/e/object/P20012</marc:subfield></marc:datafield><marc:datafield tag="700" ind1="1" ind2=" "><marc:subfield code="a">Hillcoat, John</marc:subfield><marc:subfield code="d">1961-</marc:subfield><marc:subfield code="0">(NO-TrBIB)7006925</marc:subfield><marc:subfield code="4">drt</marc:subfield><marc:subfield code="1">https://isni.org/isni/0000000108589241</marc:subfield><marc:subfield code="4">http://rdaregistry.info/Elements/w/object/P10013</marc:subfield></marc:datafield><marc:datafield tag="700" ind1="1" ind2=" "><marc:subfield code="a">Mortensen, Viggo</marc:subfield><marc:subfield code="d">1958-</marc:subfield><marc:subfield code="0">(NO-TrBIB)90257820</marc:subfield><marc:subfield code="4">act</marc:subfield><marc:subfield code="1">https://isni.org/isni/0000000110296296</marc:subfield><marc:subfield code="4">http://rdaregistry.info/Elements/e/object/P20012</marc:subfield></marc:datafield><marc:datafield tag="700" ind1="1" ind2=" "><marc:subfield code="a">Smit-McPhee, Kodi</marc:subfield><marc:subfield code="d">1996-</marc:subfield><marc:subfield code="0">(NO-TrBIB)10065593</marc:subfield><marc:subfield code="4">act</marc:subfield><marc:subfield code="1">https://isni.org/isni/0000000114563013</marc:subfield><marc:subfield code="4">http://rdaregistry.info/Elements/e/object/P20012</marc:subfield></marc:datafield><marc:datafield tag="700" ind1="1" ind2=" "><marc:subfield code="a">Theron, Charlize</marc:subfield><marc:subfield code="d">1975-</marc:subfield><marc:subfield code="0">(NO-TrBIB)1006566</marc:subfield><marc:subfield code="4">act</marc:subfield><marc:subfield code="1">https://isni.org/isni/0000000114973899</marc:subfield><marc:subfield code="4">http://rdaregistry.info/Elements/e/object/P20012</marc:subfield></marc:datafield><marc:datafield tag="758" ind1="1" ind2="0"><marc:subfield code="a">The road</marc:subfield><marc:subfield code="1">http://viaf.org/viaf/220031159</marc:subfield><marc:subfield code="4">http://rdaregistry.info/Elements/w/object/P10129</marc:subfield></marc:datafield></marc:record>