
<marc:record><marc:leader>02330cgm a2200421 c 4500</marc:leader>
<marc:controlfield tag="001">999920130503302202</marc:controlfield>
<marc:controlfield tag="003">BIBSYS</marc:controlfield><marc:controlfield tag="005">20210422140005.0</marc:controlfield><marc:controlfield tag="007">vd#|v||||</marc:controlfield><marc:controlfield tag="008">131114s2005    xx |||||||||||    v|mul|d</marc:controlfield><marc:datafield tag="024" ind1="3" ind2="0"><marc:subfield code="a">5050582404920</marc:subfield></marc:datafield><marc:datafield tag="041" ind1=" " ind2=" "><marc:subfield code="a">eng</marc:subfield><marc:subfield code="a">nob</marc:subfield></marc:datafield><marc:datafield tag="082" ind1="0" ind2="4"><marc:subfield code="a">810s</marc:subfield><marc:subfield code="2">21</marc:subfield></marc:datafield><marc:datafield tag="083" ind1="0" ind2=" "><marc:subfield code="a">791.43f</marc:subfield><marc:subfield code="2">21</marc:subfield></marc:datafield><marc:datafield tag="130" ind1="1" ind2="0"><marc:subfield code="a">All the pretty horses</marc:subfield><marc:subfield code="k">Movie</marc:subfield><marc:subfield code="1">https://www.imdb.com/title/tt0149624</marc:subfield></marc:datafield><marc:datafield tag="245" ind1="0" ind2="0"><marc:subfield code="a">All the pretty horses</marc:subfield><marc:subfield code="c">directed by Billy Bob Thornton ; produced by Robert Salerno and Billy Bob Thornton</marc:subfield><marc:subfield code="h">[videoopptak]</marc:subfield></marc:datafield><marc:datafield tag="260" ind1=" " ind2=" "><marc:subfield code="a">London</marc:subfield><marc:subfield code="b">SPHE</marc:subfield><marc:subfield code="c">2005</marc:subfield></marc:datafield><marc:datafield tag="300" ind1=" " ind2=" "><marc:subfield code="a">1 plate (DVD-video) (1 t. 52 min)</marc:subfield><marc:subfield code="b">lyd, kol.</marc:subfield></marc:datafield><marc:datafield tag="336" ind1=" " ind2=" "><marc:subfield code="a">two-dimensional moving image</marc:subfield><marc:subfield code="2">rdacontent</marc:subfield><marc:subfield code="0">http://rdaregistry.info/termList/RDAContentType/1023</marc:subfield></marc:datafield><marc:datafield tag="337" ind1=" " ind2=" "><marc:subfield code="a">audio</marc:subfield><marc:subfield code="2">rdamedia</marc:subfield><marc:subfield code="0">http://rdaregistry.info/termList/RDAMediaType/1008</marc:subfield></marc:datafield><marc:datafield tag="338" ind1=" " ind2=" "><marc:subfield code="a">video disc</marc:subfield><marc:subfield code="2">rdacarrier</marc:subfield><marc:subfield code="0">http://rdaregistry.info/termList/RDACarrierType/1060</marc:subfield></marc:datafield><marc:datafield tag="500" ind1=" " ind2=" "><marc:subfield code="a">Drama.</marc:subfield></marc:datafield><marc:datafield tag="500" ind1=" " ind2=" "><marc:subfield code="a">Ekstramateriale: trailere, filmografier</marc:subfield></marc:datafield><marc:datafield tag="500" ind1=" " ind2=" "><marc:subfield code="a">Engelsk tale, norsk tekst.</marc:subfield></marc:datafield><marc:datafield tag="500" ind1=" " ind2=" "><marc:subfield code="a">Filmen bygger på en roman av Cormac McCarthy.</marc:subfield></marc:datafield><marc:datafield tag="500" ind1=" " ind2=" "><marc:subfield code="a">Kodet for region 2</marc:subfield></marc:datafield><marc:datafield tag="500" ind1=" " ind2=" "><marc:subfield code="a">Norsk tittel: Alle de vakre hestene</marc:subfield></marc:datafield><marc:datafield tag="500" ind1=" " ind2=" "><marc:subfield code="a">Produksjon: USA : Columbia/Miramax, 2000.</marc:subfield></marc:datafield><marc:datafield tag="500" ind1=" " ind2=" "><marc:subfield code="a">Rolleliste: Matt Damon, Henry Thomas, Penelope Cruz.</marc:subfield></marc:datafield><marc:datafield tag="500" ind1=" " ind2=" "><marc:subfield code="a">Widescreen.</marc:subfield></marc:datafield><marc:datafield tag="700" ind1="1" ind2=" "><marc:subfield code="a">Cruz, Penélope</marc:subfield><marc:subfield code="d">1974-</marc:subfield><marc:subfield code="0">(NO-TrBIB)1081340</marc:subfield><marc:subfield code="1">https://isni.org/isni/0000000109011804</marc:subfield><marc:subfield code="4">http://rdaregistry.info/Elements/e/object/P20012</marc:subfield></marc:datafield><marc:datafield tag="700" ind1="1" ind2=" "><marc:subfield code="a">Damon, Matt</marc:subfield><marc:subfield code="d">1970-</marc:subfield><marc:subfield code="0">(NO-TrBIB)99009373</marc:subfield><marc:subfield code="1">https://isni.org/isni/000000012142082X</marc:subfield><marc:subfield code="4">http://rdaregistry.info/Elements/e/object/P20012</marc:subfield></marc:datafield><marc:datafield tag="700" ind1="1" ind2=" "><marc:subfield code="a">Thomas, Henry</marc:subfield><marc:subfield code="d">1971-</marc:subfield><marc:subfield code="0">(NO-TrBIB)1081341</marc:subfield><marc:subfield code="1">https://isni.org/isni/0000000108854789</marc:subfield><marc:subfield code="4">http://rdaregistry.info/Elements/e/object/P20012</marc:subfield></marc:datafield><marc:datafield tag="700" ind1="1" ind2=" "><marc:subfield code="a">Thornton, Billy Bob</marc:subfield><marc:subfield code="d">1955-</marc:subfield><marc:subfield code="0">(NO-TrBIB)98079481</marc:subfield><marc:subfield code="1">https://isni.org/isni/0000000120961536</marc:subfield><marc:subfield code="4">http://rdaregistry.info/Elements/w/object/P10013</marc:subfield><marc:subfield code="4">http://rdaregistry.info/Elements/w/object/P10073</marc:subfield></marc:datafield><marc:datafield tag="700" ind1="1" ind2=" "><marc:subfield code="a">Salerno, Robert</marc:subfield><marc:subfield code="1">https://isni.org/isni/0000000042755920</marc:subfield><marc:subfield code="4">http://rdaregistry.info/Elements/w/object/P10073</marc:subfield></marc:datafield><marc:datafield tag="700" ind1="1" ind2="2"><marc:subfield code="a">McCarthy, Cormac</marc:subfield><marc:subfield code="d">1933-2023</marc:subfield><marc:subfield code="t">All the pretty horses</marc:subfield><marc:subfield code="0">(NO-TrBIB)90348328</marc:subfield></marc:datafield><marc:datafield tag="740" ind1="0" ind2=" "><marc:subfield code="a">Alle de vakre hestene</marc:subfield></marc:datafield><marc:datafield tag="758" ind1=" " ind2=" "><marc:subfield code="a">Alle de vakre hestene</marc:subfield><marc:subfield code="1"></marc:subfield><marc:subfield code="1">http://viaf.org/viaf/214001528</marc:subfield><marc:subfield code="4">http://rdaregistry.info/Elements/w/object/P10129</marc:subfield></marc:datafield></marc:record>