
<marc:record><marc:leader>01320cam a2200277 c 4500</marc:leader>
<marc:controlfield tag="001">999920324491102202</marc:controlfield>
<marc:controlfield tag="003">BIBSYS</marc:controlfield><marc:controlfield tag="005">20230603091454.0</marc:controlfield><marc:controlfield tag="007">ta</marc:controlfield><marc:controlfield tag="008">220506s2022    no     e |||||||| 1|nob| </marc:controlfield><marc:datafield tag="020" ind1=" " ind2=" "><marc:subfield code="a">9788205577138</marc:subfield><marc:subfield code="c">Nkr 229.00</marc:subfield><marc:subfield code="q">heftet</marc:subfield></marc:datafield><marc:datafield tag="041" ind1="1" ind2=" "><marc:subfield code="a">nob</marc:subfield><marc:subfield code="h">eng</marc:subfield></marc:datafield><marc:datafield tag="082" ind1="0" ind2="4"><marc:subfield code="a">813.54</marc:subfield><marc:subfield code="q">NO-OsBA</marc:subfield><marc:subfield code="2">23/nor</marc:subfield></marc:datafield><marc:datafield tag="100" ind1="1" ind2=" "><marc:subfield code="a">McCarthy, Cormac</marc:subfield><marc:subfield code="d">1933-2023</marc:subfield><marc:subfield code="0">(NO-TrBIB)90348328</marc:subfield><marc:subfield code="4">aut</marc:subfield><marc:subfield code="1">http://viaf.org/viaf/29558386</marc:subfield><marc:subfield code="4">http://rdaregistry.info/Elements/w/object/P10061</marc:subfield></marc:datafield><marc:datafield tag="240" ind1="1" ind2="0"><marc:subfield code="a">No country for old men</marc:subfield><marc:subfield code="k">Novel</marc:subfield><marc:subfield code="1">http://viaf.org/viaf/214012164</marc:subfield></marc:datafield><marc:datafield tag="245" ind1="1" ind2="0"><marc:subfield code="a">Ikke et land for gamle menn</marc:subfield><marc:subfield code="c">Cormac McCarthy ; oversatt fra engelsk av Knut Ofstad</marc:subfield></marc:datafield><marc:datafield tag="250" ind1=" " ind2=" "><marc:subfield code="a">Ny utgave</marc:subfield></marc:datafield><marc:datafield tag="264" ind1=" " ind2="1"><marc:subfield code="a">Oslo</marc:subfield><marc:subfield code="b">Gyldendal</marc:subfield><marc:subfield code="c">2022</marc:subfield></marc:datafield><marc:datafield tag="300" ind1=" " ind2=" "><marc:subfield code="a">229 sider</marc:subfield></marc:datafield><marc:datafield tag="336" ind1=" " ind2=" "><marc:subfield code="a">tekst</marc:subfield><marc:subfield code="0">http://rdaregistry.info/termList/RDAContentType/1020</marc:subfield><marc:subfield code="2">rdaco</marc:subfield></marc:datafield><marc:datafield tag="337" ind1=" " ind2=" "><marc:subfield code="a">uformidlet</marc:subfield><marc:subfield code="0">http://rdaregistry.info/termList/RDAMediaType/1007</marc:subfield><marc:subfield code="2">rdamt</marc:subfield></marc:datafield><marc:datafield tag="338" ind1=" " ind2=" "><marc:subfield code="a">bind</marc:subfield><marc:subfield code="0">http://rdaregistry.info/termList/RDACarrierType/1049</marc:subfield><marc:subfield code="2">rdact</marc:subfield></marc:datafield><marc:datafield tag="500" ind1=" " ind2=" "><marc:subfield code="a">1. norske utgave 2006</marc:subfield></marc:datafield><marc:datafield tag="700" ind1="1" ind2=" "><marc:subfield code="a">McCarthy, Cormac</marc:subfield><marc:subfield code="d">1933-2023</marc:subfield><marc:subfield code="t">No country for old men</marc:subfield><marc:subfield code="l">Norsk</marc:subfield><marc:subfield code="0">(NO-TrBIB)90348328</marc:subfield></marc:datafield><marc:datafield tag="700" ind1="1" ind2=" "><marc:subfield code="a">Ofstad, Knut</marc:subfield><marc:subfield code="4">trl</marc:subfield><marc:subfield code="1">http://viaf.org/viaf/225596267</marc:subfield><marc:subfield code="4">http://rdaregistry.info/Elements/e/object/P20037</marc:subfield></marc:datafield><marc:datafield tag="700" ind1="1" ind2=" "><marc:subfield code="i">Oversettelse av:</marc:subfield><marc:subfield code="a">McCarthy, Cormac</marc:subfield><marc:subfield code="d">1933-2023</marc:subfield><marc:subfield code="t">No country for old men</marc:subfield><marc:subfield code="l">Engelsk</marc:subfield><marc:subfield code="0">(NO-TrBIB)90348328</marc:subfield></marc:datafield></marc:record>