
<marc:record><marc:leader>00971 am a22002657a 4500</marc:leader>
<marc:controlfield tag="001">010044365</marc:controlfield>
<marc:controlfield tag="005">20230615203600.0</marc:controlfield><marc:controlfield tag="008">940314r19941965enk    ||     000 1|eng  </marc:controlfield><marc:datafield tag="019" ind1="1" ind2=" "><marc:subfield code="a">0330314912</marc:subfield></marc:datafield><marc:datafield tag="019" ind1="9" ind2=" "><marc:subfield code="a">0330314912</marc:subfield></marc:datafield><marc:datafield tag="019" ind1="y" ind2=" "><marc:subfield code="a">b9422252</marc:subfield></marc:datafield><marc:datafield tag="020" ind1=" " ind2=" "><marc:subfield code="a">0330314912 (pbk) :</marc:subfield><marc:subfield code="c">£5.99</marc:subfield></marc:datafield><marc:datafield tag="039" ind1="0" ind2=" "><marc:subfield code="a">2282</marc:subfield></marc:datafield><marc:datafield tag="082" ind1="0" ind2="4"><marc:subfield code="a">813.54</marc:subfield><marc:subfield code="2">20</marc:subfield></marc:datafield><marc:datafield tag="100" ind1="1" ind2=" "><marc:subfield code="a">McCarthy, Cormac,</marc:subfield><marc:subfield code="d">1933-2023.</marc:subfield><marc:subfield code="1">http://viaf.org/viaf/29558386</marc:subfield><marc:subfield code="4">http://rdaregistry.info/Elements/w/object/P10061</marc:subfield></marc:datafield><marc:datafield tag="240" ind1="1" ind2="4"><marc:subfield code="a">The orchard keeper</marc:subfield><marc:subfield code="k">Novel</marc:subfield><marc:subfield code="1">http://viaf.org/viaf/191907343</marc:subfield></marc:datafield><marc:datafield tag="245" ind1="1" ind2="4"><marc:subfield code="a">The orchard keeper.</marc:subfield></marc:datafield><marc:datafield tag="260" ind1=" " ind2=" "><marc:subfield code="a">London :</marc:subfield><marc:subfield code="b">Picador,</marc:subfield><marc:subfield code="c">1994.</marc:subfield></marc:datafield><marc:datafield tag="300" ind1=" " ind2=" "><marc:subfield code="a">246p.</marc:subfield></marc:datafield><marc:datafield tag="336" ind1=" " ind2=" "><marc:subfield code="a">text</marc:subfield><marc:subfield code="2">rdacontent</marc:subfield></marc:datafield><marc:datafield tag="337" ind1=" " ind2=" "><marc:subfield code="a">unmediated</marc:subfield><marc:subfield code="2">rdamedia</marc:subfield></marc:datafield><marc:datafield tag="338" ind1=" " ind2=" "><marc:subfield code="a">volume</marc:subfield><marc:subfield code="2">rdacarrier</marc:subfield></marc:datafield><marc:datafield tag="336" ind1=" " ind2=" "><marc:subfield code="a">text</marc:subfield><marc:subfield code="2">rdacontent</marc:subfield><marc:subfield code="0">http://rdaregistry.info/termList/RDAContentType/1020</marc:subfield></marc:datafield><marc:datafield tag="337" ind1=" " ind2=" "><marc:subfield code="a">unmediated</marc:subfield><marc:subfield code="2">rdamedia</marc:subfield><marc:subfield code="0">http://rdaregistry.info/termList/RDAMediaType/1007</marc:subfield></marc:datafield><marc:datafield tag="338" ind1=" " ind2=" "><marc:subfield code="a">volume</marc:subfield><marc:subfield code="2">rdacarrier</marc:subfield><marc:subfield code="0">http://rdaregistry.info/termList/RDACarrierType/1049</marc:subfield></marc:datafield></marc:record>