
<marc:record><marc:leader>00922 am a2200217ua 4500</marc:leader>
<marc:controlfield tag="001">007912711</marc:controlfield>
<marc:controlfield tag="005">20230615203600.0</marc:controlfield><marc:controlfield tag="008">950928s1994    xxu    ||     000 d|eng  </marc:controlfield><marc:datafield tag="019" ind1="1" ind2=" "><marc:subfield code="a">bld0038194</marc:subfield></marc:datafield><marc:datafield tag="020" ind1=" " ind2=" "><marc:subfield code="a">0880013591</marc:subfield></marc:datafield><marc:datafield tag="100" ind1="1" ind2=" "><marc:subfield code="a">McCarthy, Cormac,</marc:subfield><marc:subfield code="d">1933-2023.</marc:subfield><marc:subfield code="1">http://viaf.org/viaf/29558386</marc:subfield><marc:subfield code="4">http://rdaregistry.info/Elements/w/object/P10061</marc:subfield></marc:datafield><marc:datafield tag="240" ind1="1" ind2="4"><marc:subfield code="a">The stonemason</marc:subfield><marc:subfield code="k">Play</marc:subfield><marc:subfield code="1">http://viaf.org/viaf/8419162723677961290005</marc:subfield></marc:datafield><marc:datafield tag="245" ind1="1" ind2="4"><marc:subfield code="a">The stonemason :</marc:subfield><marc:subfield code="b">a play in five acts /</marc:subfield><marc:subfield code="c">Cormac McCarthy.</marc:subfield></marc:datafield><marc:datafield tag="260" ind1=" " ind2=" "><marc:subfield code="a">Hopewell, N.J. :</marc:subfield><marc:subfield code="b">Ecco Press,</marc:subfield><marc:subfield code="c">c1994.</marc:subfield></marc:datafield><marc:datafield tag="300" ind1=" " ind2=" "><marc:subfield code="a">133p. ;</marc:subfield><marc:subfield code="c">22cm.</marc:subfield></marc:datafield><marc:datafield tag="336" ind1=" " ind2=" "><marc:subfield code="a">text</marc:subfield><marc:subfield code="2">rdacontent</marc:subfield></marc:datafield><marc:datafield tag="337" ind1=" " ind2=" "><marc:subfield code="a">unmediated</marc:subfield><marc:subfield code="2">rdamedia</marc:subfield></marc:datafield><marc:datafield tag="338" ind1=" " ind2=" "><marc:subfield code="a">volume</marc:subfield><marc:subfield code="2">rdacarrier</marc:subfield></marc:datafield><marc:datafield tag="336" ind1=" " ind2=" "><marc:subfield code="a">text</marc:subfield><marc:subfield code="2">rdacontent</marc:subfield><marc:subfield code="0">http://rdaregistry.info/termList/RDAContentType/1020</marc:subfield></marc:datafield><marc:datafield tag="337" ind1=" " ind2=" "><marc:subfield code="a">unmediated</marc:subfield><marc:subfield code="2">rdamedia</marc:subfield><marc:subfield code="0">http://rdaregistry.info/termList/RDAMediaType/1007</marc:subfield></marc:datafield><marc:datafield tag="338" ind1=" " ind2=" "><marc:subfield code="a">volume</marc:subfield><marc:subfield code="2">rdacarrier</marc:subfield><marc:subfield code="0">http://rdaregistry.info/termList/RDACarrierType/1049</marc:subfield></marc:datafield></marc:record>