
<marc:record><marc:leader>04794cgm a22005177a 4500</marc:leader>
<marc:controlfield tag="001">20395066</marc:controlfield>
<marc:controlfield tag="003">LC</marc:controlfield><marc:controlfield tag="005">20230613175731.0</marc:controlfield><marc:controlfield tag="007">mr cdaafqnarp|||c------</marc:controlfield><marc:controlfield tag="008">180312s2013    xxu113            mleng  </marc:controlfield><marc:datafield tag="010" ind1=" " ind2=" "><marc:subfield code="a">  2018600604</marc:subfield></marc:datafield><marc:datafield tag="017" ind1=" " ind2=" "><marc:subfield code="a">PA0001866487</marc:subfield><marc:subfield code="b">U.S. Copyright Office</marc:subfield></marc:datafield><marc:datafield tag="130" ind1="0" ind2=" "><marc:subfield code="a">The Counselor (Motion picture : 2013)</marc:subfield><marc:subfield code="k">Movie</marc:subfield><marc:subfield code="1">http://www.wikidata.org/entity/Q3061599</marc:subfield></marc:datafield><marc:datafield tag="245" ind1="1" ind2="4"><marc:subfield code="a">The counselor /</marc:subfield><marc:subfield code="c">a Fox 2000 Pictures presentation of a Scott Free/Nick Wechsler/Chockstone Pictures production, made in association with TSG Entertainment, Ingenious Media ; directed by Ridley Scott ; produced by Ridley Scott, Wechsler, Steve Schwartz, Paula Mae Schwartz ; written by Cormac McCarthy.</marc:subfield></marc:datafield><marc:datafield tag="257" ind1=" " ind2=" "><marc:subfield code="a">United States ; Great Britain.</marc:subfield></marc:datafield><marc:datafield tag="260" ind1=" " ind2=" "><marc:subfield code="a">United States :</marc:subfield><marc:subfield code="b">20th Century Fox,</marc:subfield><marc:subfield code="c">2013.</marc:subfield></marc:datafield><marc:datafield tag="300" ind1=" " ind2=" "><marc:subfield code="3">viewing print</marc:subfield><marc:subfield code="a">14 film reels of 14 on 7 (113 min., 10,170 ft.) :</marc:subfield><marc:subfield code="b">anamorphic, sd. (opt, Dolby SR), col. ;</marc:subfield><marc:subfield code="c">35 mm.</marc:subfield></marc:datafield><marc:datafield tag="336" ind1=" " ind2=" "><marc:subfield code="a">two-dimensional moving image</marc:subfield><marc:subfield code="2">rdacontent</marc:subfield><marc:subfield code="0">http://rdaregistry.info/termList/RDAContentType/1023</marc:subfield></marc:datafield><marc:datafield tag="337" ind1=" " ind2=" "><marc:subfield code="a">audio</marc:subfield><marc:subfield code="2">rdamedia</marc:subfield><marc:subfield code="0">http://rdaregistry.info/termList/RDAMediaType/1008</marc:subfield></marc:datafield><marc:datafield tag="338" ind1=" " ind2=" "><marc:subfield code="a">film rolls</marc:subfield><marc:subfield code="2">rdacarrier</marc:subfield><marc:subfield code="0">http://rdaregistry.info/termList/RDACarrierType/1069</marc:subfield></marc:datafield><marc:datafield tag="500" ind1=" " ind2=" "><marc:subfield code="a">Aspect ratio is 2.35:1.</marc:subfield></marc:datafield><marc:datafield tag="500" ind1=" " ind2=" "><marc:subfield code="a">Not viewed.</marc:subfield></marc:datafield><marc:datafield tag="500" ind1=" " ind2=" "><marc:subfield code="a">Sources used: Internet movie database, March 12, 2018; Variety, October 24, 2013; Copyright catalog online.</marc:subfield></marc:datafield><marc:datafield tag="508" ind1=" " ind2=" "><marc:subfield code="a">Executive producers, Cormac McCarthy, Mark Huffam, Michael Schaefer, Michael Costigan ; camera, Dariusz Wolski ; editor, Pietro Scalia ; music, Daniel Pemberton ; music supervisor, Pietro Scalia ; production designer, Arthur Max ; supervising art director, Marc Homes ; art directors, Ben Munro, Alex Cameron ; set decorator, Sonja Klaus ; costume designer, Janty Yates ; sound, Simon Hayes.</marc:subfield></marc:datafield><marc:datafield tag="511" ind1="1" ind2=" "><marc:subfield code="a">Michael Fassbender, Penélope Cruz, Cameron Diaz, Javier Bardem, Brad Pitt.</marc:subfield></marc:datafield><marc:datafield tag="520" ind1=" " ind2=" "><marc:subfield code="a">&quot;Ridley Scott's The Counselor, from a script by Cormac McCarthy, stars Michael Fassbender as the title character, a slick lawyer who is madly in love with Laura (Penelope Cruz). He asks her to marry him, and she agrees, though she is unaware that serious financial troubles have prompted him to fund a drug deal with a shady but established middle man named Westray (Brad Pitt), that could bring in millions. Part of the counselor's financial troubles stem from the fact that he's investing in a club being opened by his best friend Reiner (Javier Bardem), a hedonist and occasional client who has attained his wealth by any means necessary, and likes to keep his wife, Malkina (Cameron Diaz) covered in all the accoutrements the wealthy enjoy. However, when the drug deal starts to go wrong, the counselor finds himself unprepared to deal with the fallout, and soon he's trying to protect his bride-to-be as well as himself from the wrath of a drug cartel that has no qualms about exacting revenge&quot;--Allmovie.com, viewed March 12, 2018.</marc:subfield></marc:datafield><marc:datafield tag="521" ind1="8" ind2=" "><marc:subfield code="a">MPAA rating: R.</marc:subfield></marc:datafield><marc:datafield tag="700" ind1="1" ind2=" "><marc:subfield code="a">Bardem, Javier,</marc:subfield><marc:subfield code="d">1969-</marc:subfield><marc:subfield code="e">cast.</marc:subfield><marc:subfield code="1">https://isni.org/isni/0000000121413793</marc:subfield><marc:subfield code="4">http://rdaregistry.info/Elements/e/object/P20012</marc:subfield></marc:datafield><marc:datafield tag="700" ind1="1" ind2=" "><marc:subfield code="a">Cruz, Penélope,</marc:subfield><marc:subfield code="e">cast.</marc:subfield><marc:subfield code="1">https://isni.org/isni/0000000109011804</marc:subfield><marc:subfield code="4">http://rdaregistry.info/Elements/e/object/P20012</marc:subfield></marc:datafield><marc:datafield tag="700" ind1="1" ind2=" "><marc:subfield code="a">Diaz, Cameron,</marc:subfield><marc:subfield code="e">cast.</marc:subfield><marc:subfield code="1">https://isni.org/isni/000000011471482X</marc:subfield><marc:subfield code="4">http://rdaregistry.info/Elements/e/object/P20012</marc:subfield></marc:datafield><marc:datafield tag="700" ind1="1" ind2=" "><marc:subfield code="a">Fassbender, Michael,</marc:subfield><marc:subfield code="d">1977-</marc:subfield><marc:subfield code="e">cast.</marc:subfield><marc:subfield code="1">https://isni.org/isni/0000000115669792</marc:subfield><marc:subfield code="4">http://rdaregistry.info/Elements/e/object/P20012</marc:subfield></marc:datafield><marc:datafield tag="700" ind1="1" ind2=" "><marc:subfield code="a">McCarthy, Cormac,</marc:subfield><marc:subfield code="d">1933-2023,</marc:subfield><marc:subfield code="e">writing.</marc:subfield><marc:subfield code="1">http://viaf.org/viaf/29558386</marc:subfield><marc:subfield code="4">http://rdaregistry.info/Elements/w/object/P10203</marc:subfield></marc:datafield><marc:datafield tag="700" ind1="1" ind2=" "><marc:subfield code="a">Pitt, Brad,</marc:subfield><marc:subfield code="d">1963-</marc:subfield><marc:subfield code="e">cast.</marc:subfield><marc:subfield code="1">https://isni.org/isni/0000000114380049</marc:subfield><marc:subfield code="4">http://rdaregistry.info/Elements/e/object/P20012</marc:subfield></marc:datafield><marc:datafield tag="700" ind1="1" ind2=" "><marc:subfield code="a">Schwartz, Paula Mae,</marc:subfield><marc:subfield code="e">production.</marc:subfield><marc:subfield code="1">https://www.imdb.com/name/nm2445382</marc:subfield><marc:subfield code="4">http://rdaregistry.info/Elements/w/object/P10073</marc:subfield></marc:datafield><marc:datafield tag="700" ind1="1" ind2=" "><marc:subfield code="a">Schwartz, Steve,</marc:subfield><marc:subfield code="e">production.</marc:subfield><marc:subfield code="1">https://www.imdb.com/name/nm0777455</marc:subfield><marc:subfield code="4">http://rdaregistry.info/Elements/w/object/P10073</marc:subfield></marc:datafield><marc:datafield tag="700" ind1="1" ind2=" "><marc:subfield code="a">Scott, Ridley,</marc:subfield><marc:subfield code="e">direction,</marc:subfield><marc:subfield code="e">production.</marc:subfield><marc:subfield code="1">https://isni.org/isni/0000000116899928</marc:subfield><marc:subfield code="4">http://rdaregistry.info/Elements/w/object/P10013</marc:subfield><marc:subfield code="e">film producer</marc:subfield><marc:subfield code="4">http://rdaregistry.info/Elements/w/object/P10073</marc:subfield></marc:datafield><marc:datafield tag="700" ind1="1" ind2=" "><marc:subfield code="a">Wechsler, Nick,</marc:subfield><marc:subfield code="e">production.</marc:subfield><marc:subfield code="1">https://isni.org/isni/0000000063018399</marc:subfield><marc:subfield code="4">http://rdaregistry.info/Elements/w/object/P10073</marc:subfield></marc:datafield><marc:datafield tag="710" ind1="2" ind2=" "><marc:subfield code="a">Chockstone Pictures.</marc:subfield></marc:datafield><marc:datafield tag="710" ind1="2" ind2=" "><marc:subfield code="a">Copyright Collection (Library of Congress)</marc:subfield><marc:subfield code="5">DLC</marc:subfield></marc:datafield><marc:datafield tag="710" ind1="2" ind2=" "><marc:subfield code="a">Fox 2000 Pictures.</marc:subfield></marc:datafield><marc:datafield tag="710" ind1="2" ind2=" "><marc:subfield code="a">Ingenious Media.</marc:subfield></marc:datafield><marc:datafield tag="710" ind1="2" ind2=" "><marc:subfield code="a">Nick Wechsler Productions.</marc:subfield></marc:datafield><marc:datafield tag="710" ind1="2" ind2=" "><marc:subfield code="a">Scott Free Productions.</marc:subfield></marc:datafield><marc:datafield tag="710" ind1="2" ind2=" "><marc:subfield code="a">TSG Entertainment.</marc:subfield></marc:datafield><marc:datafield tag="710" ind1="2" ind2=" "><marc:subfield code="a">Twentieth Century-Fox Film Corporation.</marc:subfield></marc:datafield><marc:datafield tag="786" ind1="1" ind2="8"><marc:subfield code="t">Counselor</marc:subfield><marc:subfield code="w">(DLC)2001178</marc:subfield><marc:subfield code="n">MAVIS</marc:subfield></marc:datafield></marc:record>