
<marc:record><marc:leader>05752cgm a22007937i 4500</marc:leader>
<marc:controlfield tag="001">23274099</marc:controlfield>
<marc:controlfield tag="003">LC</marc:controlfield><marc:controlfield tag="005">20230821092731.0</marc:controlfield><marc:controlfield tag="007">vd csaizq</marc:controlfield><marc:controlfield tag="008">230811t20142013xxu117 e          mleng  </marc:controlfield><marc:datafield tag="010" ind1=" " ind2=" "><marc:subfield code="a">  2023600351</marc:subfield></marc:datafield><marc:datafield tag="017" ind1=" " ind2=" "><marc:subfield code="a">PA0001898576</marc:subfield><marc:subfield code="b">U.S. Copyright Office</marc:subfield></marc:datafield><marc:datafield tag="024" ind1="1" ind2=" "><marc:subfield code="a">024543899990</marc:subfield></marc:datafield><marc:datafield tag="024" ind1="1" ind2=" "><marc:subfield code="a">024543900009</marc:subfield></marc:datafield><marc:datafield tag="028" ind1="4" ind2="2"><marc:subfield code="a">2289999</marc:subfield><marc:subfield code="b">Twentieth Century Fox FIlm Corporation</marc:subfield></marc:datafield><marc:datafield tag="028" ind1="4" ind2="2"><marc:subfield code="a">2290000</marc:subfield><marc:subfield code="b">Twentieth Century Fox FIlm Corporation</marc:subfield></marc:datafield><marc:datafield tag="037" ind1=" " ind2=" "><marc:subfield code="b">Midwest Tape</marc:subfield><marc:subfield code="n">http://www.midwesttapes.com</marc:subfield></marc:datafield><marc:datafield tag="041" ind1="1" ind2=" "><marc:subfield code="a">eng</marc:subfield><marc:subfield code="a">fre</marc:subfield><marc:subfield code="a">spa</marc:subfield><marc:subfield code="j">spa</marc:subfield><marc:subfield code="j">eng</marc:subfield><marc:subfield code="j">fre</marc:subfield><marc:subfield code="h">eng</marc:subfield></marc:datafield><marc:datafield tag="046" ind1=" " ind2=" "><marc:subfield code="k">2013</marc:subfield><marc:subfield code="2">edtf</marc:subfield></marc:datafield><marc:datafield tag="130" ind1="0" ind2=" "><marc:subfield code="a">Counselor (Motion picture : 2013)</marc:subfield><marc:subfield code="k">Movie</marc:subfield><marc:subfield code="1">http://www.wikidata.org/entity/Q3061599</marc:subfield></marc:datafield><marc:datafield tag="245" ind1="1" ind2="4"><marc:subfield code="a">The counselor /</marc:subfield><marc:subfield code="c">Fox 2000 Pictures presents a Scott Free/Nick Wechsler/Chockstone Pictures production ; produced by Ridley Scott, Nick Wechsler, Steve Schwartz, Paula Mae Schwartz ; written by Cormac McCarthy ; director, Ridley Scott.</marc:subfield></marc:datafield><marc:datafield tag="250" ind1=" " ind2=" "><marc:subfield code="a">Unrated extended cut.</marc:subfield></marc:datafield><marc:datafield tag="257" ind1=" " ind2=" "><marc:subfield code="a">United States</marc:subfield><marc:subfield code="a">Great Britain</marc:subfield><marc:subfield code="2">naf</marc:subfield></marc:datafield><marc:datafield tag="264" ind1=" " ind2="1"><marc:subfield code="a">Beverly Hills, California :</marc:subfield><marc:subfield code="b">Twentieth Century Fox Home Entertainment,</marc:subfield><marc:subfield code="c">[2014]</marc:subfield></marc:datafield><marc:datafield tag="264" ind1=" " ind2="4"><marc:subfield code="c">©2013</marc:subfield></marc:datafield><marc:datafield tag="300" ind1=" " ind2=" "><marc:subfield code="3">viewing copy</marc:subfield><marc:subfield code="a">1 videodisc (117 min.) :</marc:subfield><marc:subfield code="b">sound, color ;</marc:subfield><marc:subfield code="c">4 3/4 in. + 1 Blu-ray</marc:subfield></marc:datafield><marc:datafield tag="336" ind1=" " ind2=" "><marc:subfield code="a">two-dimensional moving image</marc:subfield><marc:subfield code="b">tdi</marc:subfield><marc:subfield code="2">rdacontent</marc:subfield></marc:datafield><marc:datafield tag="337" ind1=" " ind2=" "><marc:subfield code="a">video</marc:subfield><marc:subfield code="b">v</marc:subfield><marc:subfield code="2">rdamedia</marc:subfield></marc:datafield><marc:datafield tag="338" ind1=" " ind2=" "><marc:subfield code="a">videodisc</marc:subfield><marc:subfield code="b">vd</marc:subfield><marc:subfield code="2">rdacarrier</marc:subfield></marc:datafield><marc:datafield tag="336" ind1=" " ind2=" "><marc:subfield code="a">two-dimensional moving image</marc:subfield><marc:subfield code="2">rdacontent</marc:subfield><marc:subfield code="0">http://rdaregistry.info/termList/RDAContentType/1023</marc:subfield></marc:datafield><marc:datafield tag="337" ind1=" " ind2=" "><marc:subfield code="a">audio</marc:subfield><marc:subfield code="2">rdamedia</marc:subfield><marc:subfield code="0">http://rdaregistry.info/termList/RDAMediaType/1008</marc:subfield></marc:datafield><marc:datafield tag="338" ind1=" " ind2=" "><marc:subfield code="a">video disc</marc:subfield><marc:subfield code="2">rdacarrier</marc:subfield><marc:subfield code="0">http://rdaregistry.info/termList/RDACarrierType/1060</marc:subfield></marc:datafield><marc:datafield tag="340" ind1=" " ind2=" "><marc:subfield code="b">4 3/4 in.</marc:subfield><marc:subfield code="2">rda</marc:subfield></marc:datafield><marc:datafield tag="344" ind1=" " ind2=" "><marc:subfield code="a">digital</marc:subfield><marc:subfield code="b">optical</marc:subfield><marc:subfield code="g">surround</marc:subfield><marc:subfield code="h">Dolby digital 5.1</marc:subfield><marc:subfield code="2">rda</marc:subfield></marc:datafield><marc:datafield tag="344" ind1=" " ind2=" "><marc:subfield code="a">digital</marc:subfield><marc:subfield code="b">optical</marc:subfield><marc:subfield code="g">surround</marc:subfield><marc:subfield code="h">DTS-HD Master Audio 5.1</marc:subfield><marc:subfield code="2">rda</marc:subfield></marc:datafield><marc:datafield tag="347" ind1=" " ind2=" "><marc:subfield code="a">video file</marc:subfield><marc:subfield code="b">Blu-Ray</marc:subfield><marc:subfield code="e">Region A</marc:subfield><marc:subfield code="2">rda</marc:subfield></marc:datafield><marc:datafield tag="380" ind1=" " ind2=" "><marc:subfield code="a">Motion pictures</marc:subfield><marc:subfield code="2">lcgft</marc:subfield></marc:datafield><marc:datafield tag="500" ind1=" " ind2=" "><marc:subfield code="a">&quot;Includes 2 versions: unrated extended cut &amp; theatrical.&quot;</marc:subfield></marc:datafield><marc:datafield tag="500" ind1=" " ind2=" "><marc:subfield code="a">Disc 1. Special features: viral pieces: uncut--Laura (never-before-seen), The counselor, Malkina and Reiner.</marc:subfield></marc:datafield><marc:datafield tag="500" ind1=" " ind2=" "><marc:subfield code="a">Disc 2. Special features: Truth of the situation: making The counselor--an immersive experience with feature-length commentary by Director Ridley Scott.</marc:subfield></marc:datafield><marc:datafield tag="500" ind1=" " ind2=" "><marc:subfield code="a">Originally released as a motion picture in 2013.</marc:subfield></marc:datafield><marc:datafield tag="500" ind1=" " ind2=" "><marc:subfield code="a">Sources used: videodisc container; Copyright catalog online; Internet movie database WWW site, viewed August 11, 2023.</marc:subfield></marc:datafield><marc:datafield tag="500" ind1=" " ind2=" "><marc:subfield code="a">Title from container.</marc:subfield></marc:datafield><marc:datafield tag="500" ind1=" " ind2=" "><marc:subfield code="a">Widescreen (2.40:1).</marc:subfield></marc:datafield><marc:datafield tag="505" ind1="0" ind2=" "><marc:subfield code="a">disc 1. The counselor (Theatrical version) (117 in.) -- disc 2. The counselor (Unrated extended cut) (138 min.).</marc:subfield></marc:datafield><marc:datafield tag="508" ind1=" " ind2=" "><marc:subfield code="a">Director of photography, Dariusz Wolski ; editor, Pietro Scalia ; music, Daniel Pemberton.</marc:subfield></marc:datafield><marc:datafield tag="511" ind1="1" ind2=" "><marc:subfield code="a">Michael Fassbender, Penelope Cruz, Cameron Diaz, Javier Bardem, Brad Pitt, Rosie Perez, Bruno Ganz.</marc:subfield></marc:datafield><marc:datafield tag="520" ind1=" " ind2=" "><marc:subfield code="a">A lawyer makes a risky entrance into the drug trade, and gambles that the consequences won't catch up with him.</marc:subfield></marc:datafield><marc:datafield tag="521" ind1="8" ind2=" "><marc:subfield code="a">Disc 1, MPAA rating: R; graphic violence, some grisly images, strong sexual content and language</marc:subfield><marc:subfield code="a">Disc 2, MPAA rating: Unrated; contains material different from the R-rated version.</marc:subfield></marc:datafield><marc:datafield tag="538" ind1=" " ind2=" "><marc:subfield code="a">Blu-ray; requires Blu-ray player.</marc:subfield></marc:datafield><marc:datafield tag="546" ind1=" " ind2=" "><marc:subfield code="a">English (DTS-HD Master Audio 5.1) (discs 1-2), French (Dolby digital 5.1) (disc 1) or Spanish (Dolby digital 5.1) (disc 1) dialogue; Spanish (discs 1-2) or French (disc 2) subtitles; English subtitled for the deaf and hard of hearing (discs 1-2); English described audio (disc 1).</marc:subfield></marc:datafield><marc:datafield tag="700" ind1="1" ind2=" "><marc:subfield code="a">Bardem, Javier,</marc:subfield><marc:subfield code="d">1969-</marc:subfield><marc:subfield code="e">actor.</marc:subfield><marc:subfield code="1">https://isni.org/isni/0000000121413793</marc:subfield><marc:subfield code="4">http://rdaregistry.info/Elements/e/object/P20012</marc:subfield></marc:datafield><marc:datafield tag="700" ind1="1" ind2=" "><marc:subfield code="a">Cruz, Penélope,</marc:subfield><marc:subfield code="e">actor.</marc:subfield><marc:subfield code="1">https://isni.org/isni/0000000109011804</marc:subfield><marc:subfield code="4">http://rdaregistry.info/Elements/e/object/P20012</marc:subfield></marc:datafield><marc:datafield tag="700" ind1="1" ind2=" "><marc:subfield code="a">Diaz, Cameron,</marc:subfield><marc:subfield code="e">actor.</marc:subfield><marc:subfield code="1">https://isni.org/isni/000000011471482X</marc:subfield><marc:subfield code="4">http://rdaregistry.info/Elements/e/object/P20012</marc:subfield></marc:datafield><marc:datafield tag="700" ind1="1" ind2=" "><marc:subfield code="a">Fassbender, Michael,</marc:subfield><marc:subfield code="d">1977-</marc:subfield><marc:subfield code="e">actor.</marc:subfield><marc:subfield code="1">https://isni.org/isni/0000000115669792</marc:subfield><marc:subfield code="4">http://rdaregistry.info/Elements/e/object/P20012</marc:subfield></marc:datafield><marc:datafield tag="700" ind1="1" ind2=" "><marc:subfield code="a">McCarthy, Cormac,</marc:subfield><marc:subfield code="d">1933-2023,</marc:subfield><marc:subfield code="e">screenwriter.</marc:subfield><marc:subfield code="1">http://viaf.org/viaf/29558386</marc:subfield><marc:subfield code="4">http://rdaregistry.info/Elements/w/object/P10203</marc:subfield></marc:datafield><marc:datafield tag="700" ind1="1" ind2=" "><marc:subfield code="a">Pemberton, Daniel,</marc:subfield><marc:subfield code="e">composer.</marc:subfield><marc:subfield code="1">https://isni.org/isni/0000000003044835</marc:subfield><marc:subfield code="4">http://rdaregistry.info/Elements/w/object/P10053</marc:subfield></marc:datafield><marc:datafield tag="700" ind1="1" ind2=" "><marc:subfield code="a">Pitt, Brad,</marc:subfield><marc:subfield code="d">1963-</marc:subfield><marc:subfield code="e">actor.</marc:subfield><marc:subfield code="1">https://isni.org/isni/0000000114380049</marc:subfield><marc:subfield code="4">http://rdaregistry.info/Elements/e/object/P20012</marc:subfield></marc:datafield><marc:datafield tag="700" ind1="1" ind2=" "><marc:subfield code="a">Scalia, Pietro,</marc:subfield><marc:subfield code="d">1960-</marc:subfield><marc:subfield code="e">editor of moving image work.</marc:subfield><marc:subfield code="1">https://isni.org/isni/000000011477315X</marc:subfield><marc:subfield code="4">http://rdaregistry.info/Elements/e/object/P20055</marc:subfield></marc:datafield><marc:datafield tag="700" ind1="1" ind2=" "><marc:subfield code="a">Schwartz, Paula Mae,</marc:subfield><marc:subfield code="e">film producer.</marc:subfield><marc:subfield code="1">https://www.imdb.com/name/nm2445382</marc:subfield><marc:subfield code="4">http://rdaregistry.info/Elements/w/object/P10073</marc:subfield></marc:datafield><marc:datafield tag="700" ind1="1" ind2=" "><marc:subfield code="a">Schwartz, Steve,</marc:subfield><marc:subfield code="e">film producer.</marc:subfield><marc:subfield code="1">https://www.imdb.com/name/nm0777455</marc:subfield><marc:subfield code="4">http://rdaregistry.info/Elements/w/object/P10073</marc:subfield></marc:datafield><marc:datafield tag="700" ind1="1" ind2=" "><marc:subfield code="a">Scott, Ridley,</marc:subfield><marc:subfield code="e">film director.</marc:subfield><marc:subfield code="1">https://isni.org/isni/0000000116899928</marc:subfield><marc:subfield code="4">http://rdaregistry.info/Elements/w/object/P10013</marc:subfield><marc:subfield code="e">film producer</marc:subfield><marc:subfield code="4">http://rdaregistry.info/Elements/w/object/P10073</marc:subfield></marc:datafield><marc:datafield tag="700" ind1="1" ind2=" "><marc:subfield code="a">Wechsler, Nick,</marc:subfield><marc:subfield code="e">film producer.</marc:subfield><marc:subfield code="1">https://isni.org/isni/0000000063018399</marc:subfield><marc:subfield code="4">http://rdaregistry.info/Elements/w/object/P10073</marc:subfield></marc:datafield><marc:datafield tag="700" ind1="1" ind2=" "><marc:subfield code="a">Wolski, Dariusz A.,</marc:subfield><marc:subfield code="e">cinematographer.</marc:subfield><marc:subfield code="1">https://isni.org/isni/0000000116794245</marc:subfield><marc:subfield code="4">http://rdaregistry.info/Elements/w/object/P10068</marc:subfield></marc:datafield><marc:datafield tag="710" ind1="2" ind2=" "><marc:subfield code="a">Chockstone Pictures,</marc:subfield><marc:subfield code="e">production company.</marc:subfield></marc:datafield><marc:datafield tag="710" ind1="2" ind2=" "><marc:subfield code="a">Copyright Collection (Library of Congress)</marc:subfield><marc:subfield code="5">DLC</marc:subfield></marc:datafield><marc:datafield tag="710" ind1="2" ind2=" "><marc:subfield code="a">Fox 2000 Pictures,</marc:subfield><marc:subfield code="e">presenter.</marc:subfield></marc:datafield><marc:datafield tag="710" ind1="2" ind2=" "><marc:subfield code="a">Nick Wechsler Productions,</marc:subfield><marc:subfield code="e">production company.</marc:subfield></marc:datafield><marc:datafield tag="710" ind1="2" ind2=" "><marc:subfield code="a">Twentieth Century Fox Home Entertainment, Inc.,</marc:subfield><marc:subfield code="e">publisher.</marc:subfield></marc:datafield></marc:record>