
<marc:record><marc:leader>03483cgm a22004217a 4500</marc:leader>
<marc:controlfield tag="001">15894496</marc:controlfield>
<marc:controlfield tag="003">LC</marc:controlfield><marc:controlfield tag="005">20230613175720.0</marc:controlfield><marc:controlfield tag="007">mr c|aaf|nara||ac------</marc:controlfield><marc:controlfield tag="008">090904s2007    xxu122            mleng  </marc:controlfield><marc:datafield tag="010" ind1=" " ind2=" "><marc:subfield code="a">  2009597782</marc:subfield></marc:datafield><marc:datafield tag="017" ind1=" " ind2=" "><marc:subfield code="a">PA0001605997</marc:subfield><marc:subfield code="b">U.S. Copyright Office</marc:subfield></marc:datafield><marc:datafield tag="130" ind1="0" ind2=" "><marc:subfield code="a">No country for old men (Motion picture)</marc:subfield><marc:subfield code="k">Movie</marc:subfield><marc:subfield code="1">https://www.imdb.com/title/tt0477348</marc:subfield></marc:datafield><marc:datafield tag="245" ind1="1" ind2="0"><marc:subfield code="a">No country for old men /</marc:subfield><marc:subfield code="c">a Miramax, Paramount Vantage presentation of a Scott Rudin/Mike Zoss production ; directed, written by Joel Coen, Ethan Coen ; produced by Scott Rudin, Ethan Coen, Joel Coen.</marc:subfield></marc:datafield><marc:datafield tag="257" ind1=" " ind2=" "><marc:subfield code="a">United States.</marc:subfield></marc:datafield><marc:datafield tag="260" ind1=" " ind2=" "><marc:subfield code="a">United States :</marc:subfield><marc:subfield code="b">Miramax Films,</marc:subfield><marc:subfield code="c">2007.</marc:subfield></marc:datafield><marc:datafield tag="300" ind1=" " ind2=" "><marc:subfield code="3">viewing print.</marc:subfield><marc:subfield code="a">12 film reels of 12 on 6 (ca. 122 min., ca. 10,980 ft.) :</marc:subfield><marc:subfield code="b">sd. (opt, Dolby SR, digital, Dolby SRD, SDDS), col. ;</marc:subfield><marc:subfield code="c">35 mm.</marc:subfield></marc:datafield><marc:datafield tag="336" ind1=" " ind2=" "><marc:subfield code="a">two-dimensional moving image</marc:subfield><marc:subfield code="2">rdacontent</marc:subfield><marc:subfield code="0">http://rdaregistry.info/termList/RDAContentType/1023</marc:subfield></marc:datafield><marc:datafield tag="337" ind1=" " ind2=" "><marc:subfield code="a">audio</marc:subfield><marc:subfield code="2">rdamedia</marc:subfield><marc:subfield code="0">http://rdaregistry.info/termList/RDAMediaType/1008</marc:subfield></marc:datafield><marc:datafield tag="338" ind1=" " ind2=" "><marc:subfield code="a">film rolls</marc:subfield><marc:subfield code="2">rdacarrier</marc:subfield><marc:subfield code="0">http://rdaregistry.info/termList/RDACarrierType/1069</marc:subfield></marc:datafield><marc:datafield tag="500" ind1=" " ind2=" "><marc:subfield code="a">Based on the novel by Cormac McCarthy.</marc:subfield></marc:datafield><marc:datafield tag="500" ind1=" " ind2=" "><marc:subfield code="a">Not viewed.</marc:subfield></marc:datafield><marc:datafield tag="500" ind1=" " ind2=" "><marc:subfield code="a">Sources used: copyright database; All-movie guide WWW site, Sept. 4, 2009; Variety WWW site, review posted May 18, 2007, viewed Sept. 4, 2009; Internet movie database, via WWW, Sept. 4, 2009; FirstSearch, via WWW, OCLC 184908513, Sept. 4, 2009.</marc:subfield></marc:datafield><marc:datafield tag="500" ind1=" " ind2=" "><marc:subfield code="a">Summary adapted from All-movie guide WWW site, Sept. 4, 2009, Sept. 4, 2009.</marc:subfield></marc:datafield><marc:datafield tag="508" ind1=" " ind2=" "><marc:subfield code="a">Executive producers, Robert Graf, Mark Roybal ; camera, Roger Deakins ; editor, Roderick Jaynes ; music, Carter Burwell ; production designer, Jess Gonchor.</marc:subfield></marc:datafield><marc:datafield tag="511" ind1="1" ind2=" "><marc:subfield code="a">Tommy Lee Jones, Javier Bardem, Josh Brolin, Woody Harrelson, Kelly Macdonald, Garret Dillahunt, Tess Harper, Barry Corbin, Stephen Root, Rodger Boyce, Beth Grant, Ana Reeder.</marc:subfield></marc:datafield><marc:datafield tag="520" ind1=" " ind2=" "><marc:subfield code="a">When a Vietnam veteran discovers two million dollars while wandering through the aftermath of a Texas drug deal gone awry, his decision to abscond with the cash sets off a violent chain reaction in a once peaceful Texas town.</marc:subfield></marc:datafield><marc:datafield tag="521" ind1=" " ind2=" "><marc:subfield code="a">MPAA rating: R.</marc:subfield></marc:datafield><marc:datafield tag="700" ind1="1" ind2=" "><marc:subfield code="a">Bardem, Javier,</marc:subfield><marc:subfield code="d">1969-</marc:subfield><marc:subfield code="e">cast.</marc:subfield><marc:subfield code="1">https://isni.org/isni/0000000121413793</marc:subfield><marc:subfield code="4">http://rdaregistry.info/Elements/e/object/P20012</marc:subfield></marc:datafield><marc:datafield tag="700" ind1="1" ind2=" "><marc:subfield code="a">Brolin, Josh,</marc:subfield><marc:subfield code="e">cast.</marc:subfield><marc:subfield code="1">https://isni.org/isni/0000000109217300</marc:subfield><marc:subfield code="4">http://rdaregistry.info/Elements/e/object/P20012</marc:subfield></marc:datafield><marc:datafield tag="700" ind1="1" ind2=" "><marc:subfield code="a">Coen, Ethan,</marc:subfield><marc:subfield code="e">direction,</marc:subfield><marc:subfield code="e">production,</marc:subfield><marc:subfield code="e">writing.</marc:subfield><marc:subfield code="1">https://isni.org/isni/0000000121417460</marc:subfield><marc:subfield code="4">http://rdaregistry.info/Elements/w/object/P10013</marc:subfield><marc:subfield code="4">http://rdaregistry.info/Elements/w/object/P10073</marc:subfield><marc:subfield code="4">http://rdaregistry.info/Elements/w/object/P10203</marc:subfield></marc:datafield><marc:datafield tag="700" ind1="1" ind2=" "><marc:subfield code="a">Coen, Joel,</marc:subfield><marc:subfield code="e">direction,</marc:subfield><marc:subfield code="e">production,</marc:subfield><marc:subfield code="e">writing.</marc:subfield><marc:subfield code="1">https://isni.org/isni/0000000120296767</marc:subfield><marc:subfield code="4"></marc:subfield><marc:subfield code="4">http://rdaregistry.info/Elements/w/object/P10013</marc:subfield><marc:subfield code="4">http://rdaregistry.info/Elements/w/object/P10073</marc:subfield><marc:subfield code="4">http://rdaregistry.info/Elements/w/object/P10203</marc:subfield></marc:datafield><marc:datafield tag="700" ind1="1" ind2=" "><marc:subfield code="a">Jones, Tommy Lee,</marc:subfield><marc:subfield code="d">1946-</marc:subfield><marc:subfield code="e">cast.</marc:subfield><marc:subfield code="1">https://isni.org/isni/000000010921736X</marc:subfield><marc:subfield code="4">http://rdaregistry.info/Elements/e/object/P20012</marc:subfield></marc:datafield><marc:datafield tag="700" ind1="1" ind2=" "><marc:subfield code="a">Rudin, Scott,</marc:subfield><marc:subfield code="d">1958-</marc:subfield><marc:subfield code="e">production.</marc:subfield><marc:subfield code="1">https://isni.org/isni/0000000080773273</marc:subfield><marc:subfield code="4">http://rdaregistry.info/Elements/w/object/P10073</marc:subfield></marc:datafield><marc:datafield tag="710" ind1="2" ind2=" "><marc:subfield code="a">Copyright Collection (Library of Congress)</marc:subfield><marc:subfield code="5">DLC</marc:subfield></marc:datafield><marc:datafield tag="710" ind1="2" ind2=" "><marc:subfield code="a">Miramax Films.</marc:subfield></marc:datafield><marc:datafield tag="710" ind1="2" ind2=" "><marc:subfield code="a">Paramount Vantage.</marc:subfield></marc:datafield><marc:datafield tag="758" ind1="1" ind2="0"><marc:subfield code="a">No country for old men</marc:subfield><marc:subfield code="1">http://viaf.org/viaf/214012164</marc:subfield><marc:subfield code="4">http://rdaregistry.info/Elements/w/object/P10129</marc:subfield></marc:datafield></marc:record>