
<marc:record><marc:leader>03619cgm a22004697a 4500</marc:leader>
<marc:controlfield tag="001">20691857</marc:controlfield>
<marc:controlfield tag="003">LC</marc:controlfield><marc:controlfield tag="005">20230613175700.0</marc:controlfield><marc:controlfield tag="007">mr cdaafqnarp|||c------</marc:controlfield><marc:controlfield tag="008">181001s2009    xxu111            mleng  </marc:controlfield><marc:datafield tag="010" ind1=" " ind2=" "><marc:subfield code="a">  2018601801</marc:subfield></marc:datafield><marc:datafield tag="017" ind1=" " ind2=" "><marc:subfield code="a">PA0001661107</marc:subfield><marc:subfield code="b">U.S. Copyright Office</marc:subfield></marc:datafield><marc:datafield tag="130" ind1="0" ind2=" "><marc:subfield code="a">Road (Motion picture : 2009)</marc:subfield><marc:subfield code="k">Movie</marc:subfield><marc:subfield code="1">https://www.imdb.com/title/tt0898367</marc:subfield></marc:datafield><marc:datafield tag="245" ind1="1" ind2="4"><marc:subfield code="a">The road /</marc:subfield><marc:subfield code="c">a Dimension Films release presented with 2929 Productions of a Nick Wechsler and Chockstone Pictures production ; directed by John Hillcoat ; produced by Nick Wechsler, Paula Mae Schwartz, Steve Schwartz ; screenplay by Joe Penhall.</marc:subfield></marc:datafield><marc:datafield tag="257" ind1=" " ind2=" "><marc:subfield code="a">United States.</marc:subfield></marc:datafield><marc:datafield tag="260" ind1=" " ind2=" "><marc:subfield code="a">United States :</marc:subfield><marc:subfield code="b">Dimension,</marc:subfield><marc:subfield code="c">2009.</marc:subfield></marc:datafield><marc:datafield tag="300" ind1=" " ind2=" "><marc:subfield code="3">viewing print</marc:subfield><marc:subfield code="a">12 film reels of 12 on 6 (2009 min., 9,990 ft.) :</marc:subfield><marc:subfield code="b">anamorphic, sd. (opt, Dolby SR, digital, Dolby SR-D, SDDS, DTS), col. ;</marc:subfield><marc:subfield code="c">35 mm.</marc:subfield></marc:datafield><marc:datafield tag="336" ind1=" " ind2=" "><marc:subfield code="a">two-dimensional moving image</marc:subfield><marc:subfield code="2">rdacontent</marc:subfield><marc:subfield code="0">http://rdaregistry.info/termList/RDAContentType/1023</marc:subfield></marc:datafield><marc:datafield tag="337" ind1=" " ind2=" "><marc:subfield code="a">audio</marc:subfield><marc:subfield code="2">rdamedia</marc:subfield><marc:subfield code="0">http://rdaregistry.info/termList/RDAMediaType/1008</marc:subfield></marc:datafield><marc:datafield tag="338" ind1=" " ind2=" "><marc:subfield code="a">film rollsa</marc:subfield><marc:subfield code="2">rdacarrier</marc:subfield><marc:subfield code="0">http://rdaregistry.info/termList/RDACarrierType/1069</marc:subfield></marc:datafield><marc:datafield tag="500" ind1=" " ind2=" "><marc:subfield code="a">Aspect ratio is 2.35:1.</marc:subfield></marc:datafield><marc:datafield tag="500" ind1=" " ind2=" "><marc:subfield code="a">Based on the novel by Cormac McCarthy.</marc:subfield></marc:datafield><marc:datafield tag="500" ind1=" " ind2=" "><marc:subfield code="a">Not viewed.</marc:subfield></marc:datafield><marc:datafield tag="500" ind1=" " ind2=" "><marc:subfield code="a">Sources used: Internet movie database, October 1, 2018; Variety, September 3, 2009; Copyright catalog online.</marc:subfield></marc:datafield><marc:datafield tag="508" ind1=" " ind2=" "><marc:subfield code="a">Executive producers, Todd Wagner, Mark Cuban, Marc Butan, Rudd Simmons ; camera, Javier Aguirresarobe ; editor, Jon Gregory ; music, Nick Cave, Warren Ellis ; production designer, Chris Kennedy ; art director, Gershon Ginsburg ; set decorator, Robert Greenfield ; costume designer, Margot Wilson ; sound, Edward Tise.</marc:subfield></marc:datafield><marc:datafield tag="511" ind1="1" ind2=" "><marc:subfield code="a">Viggo Mortensen, Kodi Smit-McPhee, Robert Duvall, Charlize Theron, Guy Pearce.</marc:subfield></marc:datafield><marc:datafield tag="520" ind1=" " ind2=" "><marc:subfield code="a">&quot;A father (Viggo Mortensen) and son make their way across a post-apocalyptic United States in hopes of finding civilization amongst the nomadic cannibal tribes in 2929 Productions' adaptation of Cormac McCarthy's thrilling Pulitzer Prize-winning novel The Road. John Hillcoat (The Proposition) directs from a screenplay provided by Joe Penhall. Charlize Theron co-stars in the Dimension Films release&quot;--Allmovie.com, viewed October 1, 2018.</marc:subfield></marc:datafield><marc:datafield tag="521" ind1="8" ind2=" "><marc:subfield code="a">MPAA rating: R.</marc:subfield></marc:datafield><marc:datafield tag="700" ind1="1" ind2=" "><marc:subfield code="a">Duvall, Robert,</marc:subfield><marc:subfield code="e">cast.</marc:subfield><marc:subfield code="1">https://isni.org/isni/0000000114558548</marc:subfield><marc:subfield code="4">http://rdaregistry.info/Elements/e/object/P20012</marc:subfield></marc:datafield><marc:datafield tag="700" ind1="1" ind2=" "><marc:subfield code="a">Hillcoat, John,</marc:subfield><marc:subfield code="d">1961-</marc:subfield><marc:subfield code="e">direction.</marc:subfield><marc:subfield code="1">https://isni.org/isni/0000000108589241</marc:subfield><marc:subfield code="4">http://rdaregistry.info/Elements/w/object/P10013</marc:subfield></marc:datafield><marc:datafield tag="700" ind1="1" ind2=" "><marc:subfield code="a">Mortensen, Viggo,</marc:subfield><marc:subfield code="d">1958-</marc:subfield><marc:subfield code="e">cast.</marc:subfield><marc:subfield code="1">https://isni.org/isni/0000000110296296</marc:subfield><marc:subfield code="4">http://rdaregistry.info/Elements/e/object/P20012</marc:subfield></marc:datafield><marc:datafield tag="700" ind1="1" ind2=" "><marc:subfield code="a">Penhall, Joe,</marc:subfield><marc:subfield code="e">writing.</marc:subfield><marc:subfield code="1">http://viaf.org/viaf/5191807</marc:subfield><marc:subfield code="4">http://rdaregistry.info/Elements/w/object/P10203</marc:subfield></marc:datafield><marc:datafield tag="700" ind1="1" ind2=" "><marc:subfield code="a">Schwartz, Paula Mae,</marc:subfield><marc:subfield code="e">production.</marc:subfield><marc:subfield code="1">https://www.imdb.com/name/nm2445382</marc:subfield><marc:subfield code="4">http://rdaregistry.info/Elements/w/object/P10073</marc:subfield></marc:datafield><marc:datafield tag="700" ind1="1" ind2=" "><marc:subfield code="a">Smit-McPhee, Kodi,</marc:subfield><marc:subfield code="e">cast.</marc:subfield><marc:subfield code="1">https://isni.org/isni/0000000114563013</marc:subfield><marc:subfield code="4">http://rdaregistry.info/Elements/e/object/P20012</marc:subfield></marc:datafield><marc:datafield tag="700" ind1="1" ind2=" "><marc:subfield code="a">Wechsler, Nick,</marc:subfield><marc:subfield code="e">production.</marc:subfield><marc:subfield code="1">https://isni.org/isni/0000000063018399</marc:subfield><marc:subfield code="4">http://rdaregistry.info/Elements/w/object/P10073</marc:subfield></marc:datafield><marc:datafield tag="710" ind1="2" ind2=" "><marc:subfield code="a">2929 Productions (Firm)</marc:subfield></marc:datafield><marc:datafield tag="710" ind1="2" ind2=" "><marc:subfield code="a">Chockstone Pictures.</marc:subfield></marc:datafield><marc:datafield tag="710" ind1="2" ind2=" "><marc:subfield code="a">Copyright Collection (Library of Congress)</marc:subfield><marc:subfield code="5">DLC</marc:subfield></marc:datafield><marc:datafield tag="710" ind1="2" ind2=" "><marc:subfield code="a">Dimension Films (1990- )</marc:subfield></marc:datafield><marc:datafield tag="710" ind1="2" ind2=" "><marc:subfield code="a">Nick Wechsler Productions.</marc:subfield></marc:datafield><marc:datafield tag="758" ind1="1" ind2="0"><marc:subfield code="a">The road</marc:subfield><marc:subfield code="1">http://viaf.org/viaf/220031159</marc:subfield><marc:subfield code="4">http://rdaregistry.info/Elements/w/object/P10129</marc:subfield></marc:datafield><marc:datafield tag="786" ind1="1" ind2="8"><marc:subfield code="t">Road</marc:subfield><marc:subfield code="w">(DLC) 1850709</marc:subfield><marc:subfield code="n">MAVIS</marc:subfield></marc:datafield></marc:record>