
<marc:record><marc:leader>01717cim a2200313 a 4500</marc:leader>
<marc:controlfield tag="001">15039940</marc:controlfield>
<marc:controlfield tag="003">LC</marc:controlfield><marc:controlfield tag="005">20230613175620.0</marc:controlfield><marc:controlfield tag="007">ss lunjlcmpnue</marc:controlfield><marc:controlfield tag="008">071011s1993    nyunnn|        f  | eng d</marc:controlfield><marc:datafield tag="010" ind1=" " ind2=" "><marc:subfield code="a">  2007658618</marc:subfield></marc:datafield><marc:datafield tag="028" ind1="0" ind2="2"><marc:subfield code="a">RH 290</marc:subfield><marc:subfield code="b">Random House AudioBooks</marc:subfield></marc:datafield><marc:datafield tag="043" ind1=" " ind2=" "><marc:subfield code="a">n-us-tx</marc:subfield><marc:subfield code="a">n-mx---</marc:subfield></marc:datafield><marc:datafield tag="100" ind1="1" ind2=" "><marc:subfield code="a">McCarthy, Cormac,</marc:subfield><marc:subfield code="d">1933-2023.</marc:subfield><marc:subfield code="1">http://viaf.org/viaf/29558386</marc:subfield><marc:subfield code="4">http://rdaregistry.info/Elements/w/object/P10061</marc:subfield></marc:datafield><marc:datafield tag="240" ind1="1" ind2="0"><marc:subfield code="a">All the pretty horses</marc:subfield><marc:subfield code="k">Novel</marc:subfield><marc:subfield code="1">http://viaf.org/viaf/214001528</marc:subfield></marc:datafield><marc:datafield tag="245" ind1="1" ind2="0"><marc:subfield code="a">All the pretty horses</marc:subfield><marc:subfield code="h">[sound recording] /</marc:subfield><marc:subfield code="c">by Cormac McCarthy.</marc:subfield></marc:datafield><marc:datafield tag="260" ind1=" " ind2=" "><marc:subfield code="a">New York, NY :</marc:subfield><marc:subfield code="b">Random House AudioBooks,</marc:subfield><marc:subfield code="c">p1993.</marc:subfield></marc:datafield><marc:datafield tag="300" ind1=" " ind2=" "><marc:subfield code="a">2 sound cassettes (3 hrs.) :</marc:subfield><marc:subfield code="b">analog.</marc:subfield></marc:datafield><marc:datafield tag="336" ind1=" " ind2=" "><marc:subfield code="a">spoken word</marc:subfield><marc:subfield code="2">rdacontent</marc:subfield><marc:subfield code="0">http://rdaregistry.info/termList/RDAContentType/1013</marc:subfield></marc:datafield><marc:datafield tag="337" ind1=" " ind2=" "><marc:subfield code="a">audio</marc:subfield><marc:subfield code="2">rdamedia</marc:subfield><marc:subfield code="0">http://rdaregistry.info/termList/RDAMediaType/1001</marc:subfield></marc:datafield><marc:datafield tag="338" ind1=" " ind2=" "><marc:subfield code="a">audiocassette</marc:subfield><marc:subfield code="2">rdacarrier</marc:subfield><marc:subfield code="0">http://rdaregistry.info/termList/RDACarrierType/1007</marc:subfield></marc:datafield><marc:datafield tag="306" ind1=" " ind2=" "><marc:subfield code="a">030000</marc:subfield></marc:datafield><marc:datafield tag="490" ind1="1" ind2=" "><marc:subfield code="a">The Border trilogy ;</marc:subfield><marc:subfield code="v">v. 1</marc:subfield></marc:datafield><marc:datafield tag="500" ind1=" " ind2=" "><marc:subfield code="a">Abridged.</marc:subfield></marc:datafield><marc:datafield tag="500" ind1=" " ind2=" "><marc:subfield code="a">In container (18 cm.).</marc:subfield></marc:datafield><marc:datafield tag="511" ind1="0" ind2=" "><marc:subfield code="a">Read by Brad Pitt.</marc:subfield></marc:datafield><marc:datafield tag="520" ind1=" " ind2=" "><marc:subfield code="a">The story of John Grady Cole, who at 16 finds himself at the dying end of a long line of Texas ranchers, cut off from the only life he has ever imagined for himself. To escape a society moving all the wrong directions, Cole and two companions decide to seek their fortune in Mexico. But what begins as an idyllic adventure leads to a place where dreams are paid for in blood.</marc:subfield></marc:datafield><marc:datafield tag="700" ind1="1" ind2=" "><marc:subfield code="a">Pitt, Brad,</marc:subfield><marc:subfield code="d">1963-</marc:subfield><marc:subfield code="4">nrt</marc:subfield><marc:subfield code="1">https://isni.org/isni/0000000114380049</marc:subfield><marc:subfield code="4">http://rdaregistry.info/Elements/e/object/P20022</marc:subfield></marc:datafield><marc:datafield tag="800" ind1="1" ind2=" "><marc:subfield code="a">McCarthy, Cormac,</marc:subfield><marc:subfield code="d">1933-2023.</marc:subfield><marc:subfield code="t">Border trilogy ;</marc:subfield><marc:subfield code="v">v. 1.</marc:subfield></marc:datafield></marc:record>