
<marc:record><marc:leader>00848cam a2200229   4500</marc:leader>
<marc:controlfield tag="001">3140853</marc:controlfield>
<marc:controlfield tag="003">LC</marc:controlfield><marc:controlfield tag="005">20230613175519.0</marc:controlfield><marc:controlfield tag="008">730529t19741973nyu           000 1 eng  </marc:controlfield><marc:datafield tag="010" ind1=" " ind2=" "><marc:subfield code="a">   73003986 </marc:subfield></marc:datafield><marc:datafield tag="020" ind1=" " ind2=" "><marc:subfield code="a">0394487710</marc:subfield></marc:datafield><marc:datafield tag="082" ind1="0" ind2="0"><marc:subfield code="a">813/.5/4</marc:subfield></marc:datafield><marc:datafield tag="100" ind1="1" ind2=" "><marc:subfield code="a">McCarthy, Cormac,</marc:subfield><marc:subfield code="d">1933-2023.</marc:subfield><marc:subfield code="1">http://viaf.org/viaf/29558386</marc:subfield><marc:subfield code="4">http://rdaregistry.info/Elements/w/object/P10061</marc:subfield></marc:datafield><marc:datafield tag="240" ind1="1" ind2="0"><marc:subfield code="a">Child of God</marc:subfield><marc:subfield code="k">Novel</marc:subfield><marc:subfield code="1">http://viaf.org/viaf/188670330</marc:subfield></marc:datafield><marc:datafield tag="245" ind1="1" ind2="0"><marc:subfield code="a">Child of God.</marc:subfield></marc:datafield><marc:datafield tag="250" ind1=" " ind2=" "><marc:subfield code="a">[1st ed.]</marc:subfield></marc:datafield><marc:datafield tag="260" ind1=" " ind2=" "><marc:subfield code="a">New York,</marc:subfield><marc:subfield code="b">Random House</marc:subfield><marc:subfield code="c">[1974, c1973]</marc:subfield></marc:datafield><marc:datafield tag="300" ind1=" " ind2=" "><marc:subfield code="a">197 p.</marc:subfield><marc:subfield code="c">22 cm.</marc:subfield></marc:datafield><marc:datafield tag="336" ind1=" " ind2=" "><marc:subfield code="a">text</marc:subfield><marc:subfield code="2">rdacontent</marc:subfield><marc:subfield code="0">http://rdaregistry.info/termList/RDAContentType/1020</marc:subfield></marc:datafield><marc:datafield tag="337" ind1=" " ind2=" "><marc:subfield code="a">unmediated</marc:subfield><marc:subfield code="2">rdamedia</marc:subfield><marc:subfield code="0">http://rdaregistry.info/termList/RDAMediaType/1007</marc:subfield></marc:datafield><marc:datafield tag="338" ind1=" " ind2=" "><marc:subfield code="a">volume</marc:subfield><marc:subfield code="2">rdacarrier</marc:subfield><marc:subfield code="0">http://rdaregistry.info/termList/RDACarrierType/1049</marc:subfield></marc:datafield><marc:datafield tag="350" ind1=" " ind2=" "><marc:subfield code="a">$5.95</marc:subfield></marc:datafield></marc:record>