
<marc:record><marc:leader>00924cam a2200217 a 4500</marc:leader>
<marc:controlfield tag="001">4734416</marc:controlfield>
<marc:controlfield tag="003">LC</marc:controlfield><marc:controlfield tag="005">20230613175509.0</marc:controlfield><marc:controlfield tag="008">840406r19841973nyu           000 1 eng  </marc:controlfield><marc:datafield tag="010" ind1=" " ind2=" "><marc:subfield code="a">   84047972 </marc:subfield></marc:datafield><marc:datafield tag="020" ind1=" " ind2=" "><marc:subfield code="a">0880010657 (pbk.) :</marc:subfield><marc:subfield code="c">$7.50</marc:subfield></marc:datafield><marc:datafield tag="082" ind1="0" ind2="0"><marc:subfield code="a">813/.54</marc:subfield><marc:subfield code="2">19</marc:subfield></marc:datafield><marc:datafield tag="100" ind1="1" ind2=" "><marc:subfield code="a">McCarthy, Cormac,</marc:subfield><marc:subfield code="d">1933-2023.</marc:subfield><marc:subfield code="1">http://viaf.org/viaf/29558386</marc:subfield><marc:subfield code="4">http://rdaregistry.info/Elements/w/object/P10061</marc:subfield></marc:datafield><marc:datafield tag="240" ind1="1" ind2="0"><marc:subfield code="a">Child of God</marc:subfield><marc:subfield code="k">Novel</marc:subfield><marc:subfield code="1">http://viaf.org/viaf/188670330</marc:subfield></marc:datafield><marc:datafield tag="245" ind1="1" ind2="0"><marc:subfield code="a">Child of God /</marc:subfield><marc:subfield code="c">Cormac McCarthy.</marc:subfield></marc:datafield><marc:datafield tag="260" ind1=" " ind2=" "><marc:subfield code="a">New York :</marc:subfield><marc:subfield code="b">Ecco Press,</marc:subfield><marc:subfield code="c">1984, c1973.</marc:subfield></marc:datafield><marc:datafield tag="300" ind1=" " ind2=" "><marc:subfield code="a">197 p. ;</marc:subfield><marc:subfield code="c">21 cm.</marc:subfield></marc:datafield><marc:datafield tag="336" ind1=" " ind2=" "><marc:subfield code="a">text</marc:subfield><marc:subfield code="2">rdacontent</marc:subfield><marc:subfield code="0">http://rdaregistry.info/termList/RDAContentType/1020</marc:subfield></marc:datafield><marc:datafield tag="337" ind1=" " ind2=" "><marc:subfield code="a">unmediated</marc:subfield><marc:subfield code="2">rdamedia</marc:subfield><marc:subfield code="0">http://rdaregistry.info/termList/RDAMediaType/1007</marc:subfield></marc:datafield><marc:datafield tag="338" ind1=" " ind2=" "><marc:subfield code="a">volume</marc:subfield><marc:subfield code="2">rdacarrier</marc:subfield><marc:subfield code="0">http://rdaregistry.info/termList/RDACarrierType/1049</marc:subfield></marc:datafield><marc:datafield tag="500" ind1=" " ind2=" "><marc:subfield code="a">Reprint. Originally published: New York : Random House, 1974, c1973.</marc:subfield></marc:datafield></marc:record>