
<marc:record><marc:leader>00939cam a22002291  4500</marc:leader>
<marc:controlfield tag="001">3120806</marc:controlfield>
<marc:controlfield tag="003">LC</marc:controlfield><marc:controlfield tag="005">20230613175345.0</marc:controlfield><marc:controlfield tag="008">700901s1968    nyu           000 1 eng  </marc:controlfield><marc:datafield tag="010" ind1=" " ind2=" "><marc:subfield code="a">   68014496 </marc:subfield></marc:datafield><marc:datafield tag="051" ind1=" " ind2=" "><marc:subfield code="a">B/III/3</marc:subfield><marc:subfield code="b">Copy 1</marc:subfield><marc:subfield code="c">Hardcover / dustjacket</marc:subfield></marc:datafield><marc:datafield tag="100" ind1="1" ind2=" "><marc:subfield code="a">McCarthy, Cormac,</marc:subfield><marc:subfield code="d">1933-2023.</marc:subfield><marc:subfield code="1">http://viaf.org/viaf/29558386</marc:subfield><marc:subfield code="4">http://rdaregistry.info/Elements/w/object/P10061</marc:subfield></marc:datafield><marc:datafield tag="240" ind1="1" ind2="0"><marc:subfield code="a">Outer dark</marc:subfield><marc:subfield code="k">Novel</marc:subfield><marc:subfield code="1">http://viaf.org/viaf/215254416</marc:subfield></marc:datafield><marc:datafield tag="245" ind1="1" ind2="0"><marc:subfield code="a">Outer dark.</marc:subfield></marc:datafield><marc:datafield tag="260" ind1=" " ind2=" "><marc:subfield code="a">New York,</marc:subfield><marc:subfield code="b">Random House</marc:subfield><marc:subfield code="c">[1968]</marc:subfield></marc:datafield><marc:datafield tag="300" ind1=" " ind2=" "><marc:subfield code="a">242 p.</marc:subfield><marc:subfield code="c">22 cm.</marc:subfield></marc:datafield><marc:datafield tag="336" ind1=" " ind2=" "><marc:subfield code="a">text</marc:subfield><marc:subfield code="2">rdacontent</marc:subfield><marc:subfield code="0">http://rdaregistry.info/termList/RDAContentType/1020</marc:subfield></marc:datafield><marc:datafield tag="337" ind1=" " ind2=" "><marc:subfield code="a">unmediated</marc:subfield><marc:subfield code="2">rdamedia</marc:subfield><marc:subfield code="0">http://rdaregistry.info/termList/RDAMediaType/1007</marc:subfield></marc:datafield><marc:datafield tag="338" ind1=" " ind2=" "><marc:subfield code="a">volume</marc:subfield><marc:subfield code="2">rdacarrier</marc:subfield><marc:subfield code="0">http://rdaregistry.info/termList/RDACarrierType/1049</marc:subfield></marc:datafield><marc:datafield tag="350" ind1=" " ind2=" "><marc:subfield code="a">4.95</marc:subfield></marc:datafield><marc:datafield tag="500" ind1=" " ind2=" "><marc:subfield code="a">Bookmark with notes on it inserted.</marc:subfield><marc:subfield code="5">DLC</marc:subfield></marc:datafield><marc:datafield tag="710" ind1="2" ind2=" "><marc:subfield code="a">Ralph Ellison Collection (Library of Congress)</marc:subfield><marc:subfield code="5">DLC</marc:subfield></marc:datafield></marc:record>