
<marc:record><marc:leader>06292cam a2200925 i 4500</marc:leader>
<marc:controlfield tag="001">21222329</marc:controlfield>
<marc:controlfield tag="003">LC</marc:controlfield><marc:controlfield tag="005">20230613175200.0</marc:controlfield><marc:controlfield tag="008">190930t20202019nyu           000 e eng d</marc:controlfield><marc:datafield tag="010" ind1=" " ind2=" "><marc:subfield code="a">  2019951661</marc:subfield></marc:datafield><marc:datafield tag="020" ind1=" " ind2=" "><marc:subfield code="a">0374261164</marc:subfield><marc:subfield code="q">(hardcover)</marc:subfield></marc:datafield><marc:datafield tag="020" ind1=" " ind2=" "><marc:subfield code="a">9780374261160</marc:subfield><marc:subfield code="q">(hardcover)</marc:subfield></marc:datafield><marc:datafield tag="024" ind1="3" ind2=" "><marc:subfield code="a">9780374261160</marc:subfield></marc:datafield><marc:datafield tag="082" ind1="0" ind2="4"><marc:subfield code="a">824.92</marc:subfield><marc:subfield code="2">23</marc:subfield></marc:datafield><marc:datafield tag="100" ind1="1" ind2=" "><marc:subfield code="a">Wood, James,</marc:subfield><marc:subfield code="d">1965-</marc:subfield><marc:subfield code="e">author.</marc:subfield><marc:subfield code="1">http://viaf.org/viaf/92910249</marc:subfield><marc:subfield code="4">http://rdaregistry.info/Elements/w/object/P10061</marc:subfield></marc:datafield><marc:datafield tag="240" ind1="0" ind2="0"><marc:subfield code="a">Serious noticing</marc:subfield><marc:subfield code="k">Essay collection</marc:subfield><marc:subfield code="1">http://viaf.org/viaf/92910249/seriousnoticing</marc:subfield></marc:datafield><marc:datafield tag="245" ind1="1" ind2="0"><marc:subfield code="a">Serious noticing :</marc:subfield><marc:subfield code="b">selected essays, 1997-2019 /</marc:subfield><marc:subfield code="c">James Wood.</marc:subfield></marc:datafield><marc:datafield tag="250" ind1=" " ind2=" "><marc:subfield code="a">First American edition.</marc:subfield></marc:datafield><marc:datafield tag="264" ind1=" " ind2="1"><marc:subfield code="a">New York :</marc:subfield><marc:subfield code="b">Farrar, Straus and Giroux,</marc:subfield><marc:subfield code="c">2020.</marc:subfield></marc:datafield><marc:datafield tag="264" ind1=" " ind2="4"><marc:subfield code="c">©2019</marc:subfield></marc:datafield><marc:datafield tag="300" ind1=" " ind2=" "><marc:subfield code="a">vi, 510 pages ;</marc:subfield><marc:subfield code="c">22 cm</marc:subfield></marc:datafield><marc:datafield tag="336" ind1=" " ind2=" "><marc:subfield code="a">text</marc:subfield><marc:subfield code="b">txt</marc:subfield><marc:subfield code="2">rdacontent</marc:subfield></marc:datafield><marc:datafield tag="337" ind1=" " ind2=" "><marc:subfield code="a">unmediated</marc:subfield><marc:subfield code="b">n</marc:subfield><marc:subfield code="2">rdamedia</marc:subfield></marc:datafield><marc:datafield tag="338" ind1=" " ind2=" "><marc:subfield code="a">volume</marc:subfield><marc:subfield code="b">nc</marc:subfield><marc:subfield code="2">rdacarrier</marc:subfield></marc:datafield><marc:datafield tag="336" ind1=" " ind2=" "><marc:subfield code="a">text</marc:subfield><marc:subfield code="2">rdacontent</marc:subfield><marc:subfield code="0">http://rdaregistry.info/termList/RDAContentType/1020</marc:subfield></marc:datafield><marc:datafield tag="337" ind1=" " ind2=" "><marc:subfield code="a">unmediated</marc:subfield><marc:subfield code="2">rdamedia</marc:subfield><marc:subfield code="0">http://rdaregistry.info/termList/RDAMediaType/1007</marc:subfield></marc:datafield><marc:datafield tag="338" ind1=" " ind2=" "><marc:subfield code="a">volume</marc:subfield><marc:subfield code="2">rdacarrier</marc:subfield><marc:subfield code="0">http://rdaregistry.info/termList/RDACarrierType/1049</marc:subfield></marc:datafield><marc:datafield tag="500" ind1=" " ind2=" "><marc:subfield code="a">&quot;These essays originally appeared, in slightly different form, in The New Yorker, London Review of Books, and The New Republic&quot;--Title page verso.</marc:subfield></marc:datafield><marc:datafield tag="500" ind1=" " ind2=" "><marc:subfield code="a">Originally published in 2019 by Vintage, Great Britain, as Serious noticing: selected essays.</marc:subfield></marc:datafield><marc:datafield tag="505" ind1="0" ind2="0"><marc:subfield code="t">Fun stuff: homage to Keith Moon --</marc:subfield><marc:subfield code="t">What Chekhov meant by life --</marc:subfield><marc:subfield code="t">Serious noticing --</marc:subfield><marc:subfield code="t">Saul Bellow's comic style --</marc:subfield><marc:subfield code="t">Anna Karenina and characterization --</marc:subfield><marc:subfield code="t">Joseph Roth's empire of signs --</marc:subfield><marc:subfield code="t">Paul Auster's shallowness --</marc:subfield><marc:subfield code="t">Hysterical realism --</marc:subfield><marc:subfield code="t">Bohumil Hrabal's comic world --</marc:subfield><marc:subfield code="t">George Orwell's very English revolution --</marc:subfield><marc:subfield code="t">Jane Austen's heroic consciousness --</marc:subfield><marc:subfield code="t">Cormac McCarthy's the road --</marc:subfield><marc:subfield code="t">Reality examined to the point of madness': László Krasznahorkai --</marc:subfield><marc:subfield code="t">Wounder and wounded --</marc:subfield><marc:subfield code="t">On not going home -- Other side of silence: rereading W. G. Sebald --</marc:subfield><marc:subfield code="t">Becoming them --</marc:subfield><marc:subfield code="t">Don Quixote's old and new testaments --</marc:subfield><marc:subfield code="t">Dostoevsky's god --</marc:subfield><marc:subfield code="t">Helen Garner's savage honesty --</marc:subfield><marc:subfield code="t">All and the if: God and metaphor in Melville --</marc:subfield><marc:subfield code="t">Elena Ferrante --</marc:subfield><marc:subfield code="t">Virginia Woolf's Mysticism --</marc:subfield><marc:subfield code="t">Job existed: Primo Levi --</marc:subfield><marc:subfield code="t">Marilynne Robinson --</marc:subfield><marc:subfield code="t">Ismail Kadare --</marc:subfield><marc:subfield code="t">Jenny Erpenbeck --</marc:subfield><marc:subfield code="t">Packing my father-in-law's library.</marc:subfield></marc:datafield><marc:datafield tag="600" ind1="1" ind2="0"><marc:subfield code="a">Austen, Jane,</marc:subfield><marc:subfield code="d">1775-1817.</marc:subfield></marc:datafield><marc:datafield tag="600" ind1="1" ind2="0"><marc:subfield code="a">Auster, Paul,</marc:subfield><marc:subfield code="d">1947-</marc:subfield></marc:datafield><marc:datafield tag="600" ind1="1" ind2="0"><marc:subfield code="a">Bellow, Saul.</marc:subfield></marc:datafield><marc:datafield tag="600" ind1="1" ind2="0"><marc:subfield code="a">Chekhov, Anton Pavlovich,</marc:subfield><marc:subfield code="d">1860-1904.</marc:subfield></marc:datafield><marc:datafield tag="600" ind1="1" ind2="0"><marc:subfield code="a">Dostoyevsky, Fyodor,</marc:subfield><marc:subfield code="d">1821-1881.</marc:subfield></marc:datafield><marc:datafield tag="600" ind1="1" ind2="0"><marc:subfield code="a">Erpenbeck, Jenny,</marc:subfield><marc:subfield code="d">1967-</marc:subfield></marc:datafield><marc:datafield tag="600" ind1="1" ind2="0"><marc:subfield code="a">Ferrante, Elena.</marc:subfield></marc:datafield><marc:datafield tag="600" ind1="1" ind2="0"><marc:subfield code="a">Garner, Helen,</marc:subfield><marc:subfield code="d">1942-</marc:subfield></marc:datafield><marc:datafield tag="600" ind1="1" ind2="0"><marc:subfield code="a">Hrabal, Bohumil,</marc:subfield><marc:subfield code="d">1914-1997.</marc:subfield></marc:datafield><marc:datafield tag="600" ind1="1" ind2="0"><marc:subfield code="a">Kadare, Ismail.</marc:subfield></marc:datafield><marc:datafield tag="600" ind1="1" ind2="0"><marc:subfield code="a">Krasznahorkai, László.</marc:subfield></marc:datafield><marc:datafield tag="600" ind1="1" ind2="0"><marc:subfield code="a">Levi, Primo.</marc:subfield></marc:datafield><marc:datafield tag="600" ind1="1" ind2="0"><marc:subfield code="a">Moon, Keith,</marc:subfield><marc:subfield code="d">1946-1978.</marc:subfield></marc:datafield><marc:datafield tag="600" ind1="1" ind2="0"><marc:subfield code="a">Orwell, George,</marc:subfield><marc:subfield code="d">1903-1950.</marc:subfield></marc:datafield><marc:datafield tag="600" ind1="1" ind2="0"><marc:subfield code="a">Quixote,</marc:subfield><marc:subfield code="c">Don (Fictitious character)</marc:subfield></marc:datafield><marc:datafield tag="600" ind1="1" ind2="0"><marc:subfield code="a">Robinson, Marilynne.</marc:subfield></marc:datafield><marc:datafield tag="600" ind1="1" ind2="0"><marc:subfield code="a">Roth, Joseph,</marc:subfield><marc:subfield code="d">1894-1939.</marc:subfield></marc:datafield><marc:datafield tag="600" ind1="1" ind2="0"><marc:subfield code="a">Sebald, W. G.</marc:subfield><marc:subfield code="q">(Winfried Georg),</marc:subfield><marc:subfield code="d">1944-2001.</marc:subfield></marc:datafield><marc:datafield tag="600" ind1="1" ind2="0"><marc:subfield code="a">Woolf, Virginia,</marc:subfield><marc:subfield code="d">1882-1941.</marc:subfield></marc:datafield><marc:datafield tag="648" ind1=" " ind2="7"><marc:subfield code="a">1900-2099</marc:subfield><marc:subfield code="2">fast</marc:subfield></marc:datafield><marc:datafield tag="700" ind1="1" ind2="2"><marc:subfield code="a">McCarthy, Cormac,</marc:subfield><marc:subfield code="d">1933-2023.</marc:subfield><marc:subfield code="t">Road.</marc:subfield></marc:datafield><marc:datafield tag="700" ind1="1" ind2="2"><marc:subfield code="a">Tolstoy, Leo,</marc:subfield><marc:subfield code="c">graf,</marc:subfield><marc:subfield code="d">1828-1910.</marc:subfield><marc:subfield code="t">Anna Karenina.</marc:subfield></marc:datafield><marc:datafield tag="700" ind1="1" ind2="2"><marc:subfield code="a">Wood, James</marc:subfield><marc:subfield code="t">Fun stuff: homage to Keith Moon</marc:subfield><marc:subfield code="1">http://viaf.org/viaf/92910249/seriousnoticing/01</marc:subfield></marc:datafield><marc:datafield tag="700" ind1="1" ind2="2"><marc:subfield code="a">Wood, James</marc:subfield><marc:subfield code="t">What Chekhov meant by life</marc:subfield><marc:subfield code="1">http://viaf.org/viaf/92910249/seriousnoticing/02</marc:subfield></marc:datafield><marc:datafield tag="700" ind1="1" ind2="2"><marc:subfield code="a">Wood, James</marc:subfield><marc:subfield code="t">Serious noticing</marc:subfield><marc:subfield code="1">http://viaf.org/viaf/92910249/seriousnoticing/03</marc:subfield></marc:datafield><marc:datafield tag="700" ind1="1" ind2="2"><marc:subfield code="a">Wood, James</marc:subfield><marc:subfield code="t">Saul Bellow's comic style</marc:subfield><marc:subfield code="1">http://viaf.org/viaf/92910249/seriousnoticing/04</marc:subfield></marc:datafield><marc:datafield tag="700" ind1="1" ind2="2"><marc:subfield code="a">Wood, James</marc:subfield><marc:subfield code="t">Anna Karenina and characterization</marc:subfield><marc:subfield code="1">http://viaf.org/viaf/92910249/seriousnoticing/05</marc:subfield></marc:datafield><marc:datafield tag="700" ind1="1" ind2="2"><marc:subfield code="a">Wood, James</marc:subfield><marc:subfield code="t">Joseph Roth's empire of signs</marc:subfield><marc:subfield code="1">http://viaf.org/viaf/92910249/seriousnoticing/06</marc:subfield></marc:datafield><marc:datafield tag="700" ind1="1" ind2="2"><marc:subfield code="a">Wood, James</marc:subfield><marc:subfield code="t">Paul Auster's shallowness</marc:subfield><marc:subfield code="1">http://viaf.org/viaf/92910249/seriousnoticing/07</marc:subfield></marc:datafield><marc:datafield tag="700" ind1="1" ind2="2"><marc:subfield code="a">Wood, James</marc:subfield><marc:subfield code="t">Hysterical realism</marc:subfield><marc:subfield code="1">http://viaf.org/viaf/92910249/seriousnoticing/08</marc:subfield></marc:datafield><marc:datafield tag="700" ind1="1" ind2="2"><marc:subfield code="a">Wood, James</marc:subfield><marc:subfield code="t">Bohumil Hrabal's comic world</marc:subfield><marc:subfield code="1">http://viaf.org/viaf/92910249/seriousnoticing/09</marc:subfield></marc:datafield><marc:datafield tag="700" ind1="1" ind2="2"><marc:subfield code="a">Wood, James</marc:subfield><marc:subfield code="t">George Orwell's very English revolution</marc:subfield><marc:subfield code="1">http://viaf.org/viaf/92910249/seriousnoticing/11</marc:subfield></marc:datafield><marc:datafield tag="700" ind1="1" ind2="2"><marc:subfield code="a">Wood, James</marc:subfield><marc:subfield code="t">Jane Austen's heroic consciousness</marc:subfield><marc:subfield code="1">http://viaf.org/viaf/92910249/seriousnoticing/11</marc:subfield></marc:datafield><marc:datafield tag="700" ind1="1" ind2="2"><marc:subfield code="a">Wood, James</marc:subfield><marc:subfield code="t">Cormac McCarthy's the road</marc:subfield><marc:subfield code="1">http://viaf.org/viaf/92910249/seriousnoticing/12</marc:subfield></marc:datafield><marc:datafield tag="700" ind1="1" ind2="2"><marc:subfield code="a">Wood, James</marc:subfield><marc:subfield code="t">Reality examined to the point of madness': László Krasznahorkai</marc:subfield><marc:subfield code="1">http://viaf.org/viaf/92910249/seriousnoticing/13</marc:subfield></marc:datafield><marc:datafield tag="700" ind1="1" ind2="2"><marc:subfield code="a">Wood, James</marc:subfield><marc:subfield code="t">Wounder and wounded</marc:subfield><marc:subfield code="1">http://viaf.org/viaf/92910249/seriousnoticing/14</marc:subfield></marc:datafield><marc:datafield tag="700" ind1="1" ind2="2"><marc:subfield code="a">Wood, James</marc:subfield><marc:subfield code="t">On not going home</marc:subfield><marc:subfield code="1">http://viaf.org/viaf/92910249/seriousnoticing/15</marc:subfield></marc:datafield><marc:datafield tag="700" ind1="1" ind2="2"><marc:subfield code="a">Wood, James</marc:subfield><marc:subfield code="t">Other side of silence: rereading W. G. Sebald</marc:subfield><marc:subfield code="1">http://viaf.org/viaf/92910249/seriousnoticing/16</marc:subfield></marc:datafield><marc:datafield tag="700" ind1="1" ind2="2"><marc:subfield code="a">Wood, James</marc:subfield><marc:subfield code="t">Becoming them</marc:subfield><marc:subfield code="1">http://viaf.org/viaf/92910249/seriousnoticing/17</marc:subfield></marc:datafield><marc:datafield tag="700" ind1="1" ind2="2"><marc:subfield code="a">Wood, James</marc:subfield><marc:subfield code="t">Don Quixote's old and new testaments</marc:subfield><marc:subfield code="1">http://viaf.org/viaf/92910249/seriousnoticing/18</marc:subfield></marc:datafield><marc:datafield tag="700" ind1="1" ind2="2"><marc:subfield code="a">Wood, James</marc:subfield><marc:subfield code="t">Dostoevsky's god</marc:subfield><marc:subfield code="1">http://viaf.org/viaf/92910249/seriousnoticing/19</marc:subfield></marc:datafield><marc:datafield tag="700" ind1="1" ind2="2"><marc:subfield code="a">Wood, James</marc:subfield><marc:subfield code="t">Helen Garner's savage honesty</marc:subfield><marc:subfield code="1">http://viaf.org/viaf/92910249/seriousnoticing/20</marc:subfield></marc:datafield><marc:datafield tag="700" ind1="1" ind2="2"><marc:subfield code="a">Wood, James</marc:subfield><marc:subfield code="t">All and the if: God and metaphor in Melville</marc:subfield><marc:subfield code="1">http://viaf.org/viaf/92910249/seriousnoticing/21</marc:subfield></marc:datafield><marc:datafield tag="700" ind1="1" ind2="2"><marc:subfield code="a">Wood, James</marc:subfield><marc:subfield code="t">Elena Ferrante</marc:subfield><marc:subfield code="1">http://viaf.org/viaf/92910249/seriousnoticing/22</marc:subfield></marc:datafield><marc:datafield tag="700" ind1="1" ind2="2"><marc:subfield code="a">Wood, James</marc:subfield><marc:subfield code="t">Virginia Woolf's Mysticism</marc:subfield><marc:subfield code="1">http://viaf.org/viaf/92910249/seriousnoticing/23</marc:subfield></marc:datafield><marc:datafield tag="700" ind1="1" ind2="2"><marc:subfield code="a">Wood, James</marc:subfield><marc:subfield code="t">Job existed: Primo Levi</marc:subfield><marc:subfield code="1">http://viaf.org/viaf/92910249/seriousnoticing/24</marc:subfield></marc:datafield><marc:datafield tag="700" ind1="1" ind2="2"><marc:subfield code="a">Wood, James</marc:subfield><marc:subfield code="t">Marilynne Robinson</marc:subfield><marc:subfield code="1">http://viaf.org/viaf/92910249/seriousnoticing/25</marc:subfield></marc:datafield><marc:datafield tag="700" ind1="1" ind2="2"><marc:subfield code="a">Wood, James</marc:subfield><marc:subfield code="t">Ismail Kadare</marc:subfield><marc:subfield code="1">http://viaf.org/viaf/92910249/seriousnoticing/26</marc:subfield></marc:datafield><marc:datafield tag="700" ind1="1" ind2="2"><marc:subfield code="a">Wood, James</marc:subfield><marc:subfield code="t">Jenny Erpenbeck</marc:subfield><marc:subfield code="1">http://viaf.org/viaf/92910249/seriousnoticing/27</marc:subfield></marc:datafield><marc:datafield tag="700" ind1="1" ind2="2"><marc:subfield code="a">Wood, James</marc:subfield><marc:subfield code="t">Packing my father-in-law's library</marc:subfield><marc:subfield code="1">http://viaf.org/viaf/92910249/seriousnoticing/28</marc:subfield></marc:datafield></marc:record>