
<marc:record><marc:leader>02454cjm a2200385 a 4500</marc:leader>
<marc:controlfield tag="001">18420971</marc:controlfield>
<marc:controlfield tag="003">LC</marc:controlfield><marc:controlfield tag="005">20141229125152.0</marc:controlfield><marc:controlfield tag="007">sd fsngnnmmned</marc:controlfield><marc:controlfield tag="008">141229s2012    nyurcn|           | eng  </marc:controlfield><marc:datafield tag="010" ind1=" " ind2=" "><marc:subfield code="a">  2014627578</marc:subfield></marc:datafield><marc:datafield tag="024" ind1="1" ind2=" "><marc:subfield code="a">793447355627</marc:subfield></marc:datafield><marc:datafield tag="028" ind1="0" ind2="2"><marc:subfield code="a">RTCD 1005</marc:subfield><marc:subfield code="b">Rakish Tilt Records</marc:subfield></marc:datafield><marc:datafield tag="100" ind1="1" ind2=" "><marc:subfield code="a">McCarthy, Cormac</marc:subfield><marc:subfield code="c">(Singer)</marc:subfield><marc:subfield code="4">prf</marc:subfield><marc:subfield code="1">https://isni.org/isni/0000000046450913</marc:subfield><marc:subfield code="4">http://rdaregistry.info/Elements/e/object/P20039</marc:subfield></marc:datafield><marc:datafield tag="240" ind1="1" ind2="0"><marc:subfield code="a">Colleteral</marc:subfield><marc:subfield code="k">Recodings collection</marc:subfield><marc:subfield code="1">https://isni.org/isni/0000000046450913/collateral</marc:subfield></marc:datafield><marc:datafield tag="245" ind1="1" ind2="0"><marc:subfield code="a">Collateral</marc:subfield><marc:subfield code="h">[sound recording] /</marc:subfield><marc:subfield code="c">Cormac McCarthy.</marc:subfield></marc:datafield><marc:datafield tag="260" ind1=" " ind2=" "><marc:subfield code="a">South Berwick, ME :</marc:subfield><marc:subfield code="b">Rakish Tilt Records,</marc:subfield><marc:subfield code="c">[2012]</marc:subfield></marc:datafield><marc:datafield tag="300" ind1=" " ind2=" "><marc:subfield code="a">1 sound disc :</marc:subfield><marc:subfield code="b">digital ;</marc:subfield><marc:subfield code="c">4 3/4 in.</marc:subfield></marc:datafield><marc:datafield tag="336" ind1=" " ind2=" "><marc:subfield code="a">performed music</marc:subfield><marc:subfield code="2">rdacontent</marc:subfield><marc:subfield code="0">http://rdaregistry.info/termList/RDAContentType/1011</marc:subfield></marc:datafield><marc:datafield tag="337" ind1=" " ind2=" "><marc:subfield code="a">audio</marc:subfield><marc:subfield code="2">rdamedia</marc:subfield><marc:subfield code="0">http://rdaregistry.info/termList/RDAMediaType/1001</marc:subfield></marc:datafield><marc:datafield tag="338" ind1=" " ind2=" "><marc:subfield code="a">compact disc</marc:subfield><marc:subfield code="2">rdacarrier</marc:subfield><marc:subfield code="0">http://rdaregistry.info/termList/RDACarrierType/1013</marc:subfield></marc:datafield><marc:datafield tag="500" ind1=" " ind2=" "><marc:subfield code="a">Compact disc.</marc:subfield></marc:datafield><marc:datafield tag="505" ind1="0" ind2=" "><marc:subfield code="a">Gotta keep movin' -- The working poor -- Cadillac man -- Back when I worked on the railroad -- The crossroads -- One a night like this -- You can't outrun the hounds -- Walking on solid ground -- Jailhouse bound -- Doppelganger.</marc:subfield></marc:datafield><marc:datafield tag="505" ind1="0" ind2=" "><marc:subfield code="a">Gotta keep movin'</marc:subfield></marc:datafield><marc:datafield tag="700" ind1="1" ind2="2"><marc:subfield code="a">McCarthy, Cormac</marc:subfield><marc:subfield code="t">Gotta keep movin'</marc:subfield><marc:subfield code="1">https://isni.org/isni/0000000046450913/collateral/01</marc:subfield></marc:datafield><marc:datafield tag="700" ind1="1" ind2="2"><marc:subfield code="a">McCarthy, Cormac</marc:subfield><marc:subfield code="t">The working poor</marc:subfield><marc:subfield code="1">https://isni.org/isni/0000000046450913/collateral/02</marc:subfield></marc:datafield><marc:datafield tag="700" ind1="1" ind2="2"><marc:subfield code="a">McCarthy, Cormac</marc:subfield><marc:subfield code="t">Cadillac man</marc:subfield><marc:subfield code="1">https://isni.org/isni/0000000046450913/collateral/03</marc:subfield></marc:datafield><marc:datafield tag="700" ind1="1" ind2="2"><marc:subfield code="a">McCarthy, Cormac</marc:subfield><marc:subfield code="t">Back when I worked on the railroad</marc:subfield><marc:subfield code="1">https://isni.org/isni/0000000046450913/collateral/04</marc:subfield></marc:datafield><marc:datafield tag="700" ind1="1" ind2="2"><marc:subfield code="a">McCarthy, Cormac</marc:subfield><marc:subfield code="t">The crossroads</marc:subfield><marc:subfield code="1">https://isni.org/isni/0000000046450913/collateral/05</marc:subfield></marc:datafield><marc:datafield tag="700" ind1="1" ind2="2"><marc:subfield code="a">McCarthy, Cormac</marc:subfield><marc:subfield code="t">One a night like this</marc:subfield><marc:subfield code="1">https://isni.org/isni/0000000046450913/collateral/06</marc:subfield></marc:datafield><marc:datafield tag="700" ind1="1" ind2="2"><marc:subfield code="a">McCarthy, Cormac</marc:subfield><marc:subfield code="t">You can't outrun the hounds</marc:subfield><marc:subfield code="1">https://isni.org/isni/0000000046450913/collateral/07</marc:subfield></marc:datafield><marc:datafield tag="700" ind1="1" ind2="2"><marc:subfield code="a">McCarthy, Cormac</marc:subfield><marc:subfield code="t">Walking on solid ground</marc:subfield><marc:subfield code="1">https://isni.org/isni/0000000046450913/collateral/08</marc:subfield></marc:datafield><marc:datafield tag="700" ind1="1" ind2="2"><marc:subfield code="a">McCarthy, Cormac</marc:subfield><marc:subfield code="t">Jailhouse bound</marc:subfield><marc:subfield code="1">https://isni.org/isni/0000000046450913/collateral/09</marc:subfield></marc:datafield><marc:datafield tag="700" ind1="1" ind2="2"><marc:subfield code="a">McCarthy, Cormac</marc:subfield><marc:subfield code="t">Doppelganger.</marc:subfield><marc:subfield code="1">https://isni.org/isni/0000000046450913/collateral/10</marc:subfield></marc:datafield><marc:datafield tag="511" ind1="0" ind2=" "><marc:subfield code="a">Cormac McCarthy, vocals, guitar, harmonica ; with assisting musicians.</marc:subfield></marc:datafield></marc:record>