
<marc:record><marc:leader>02684cjm a2200397 a 4500</marc:leader>
<marc:controlfield tag="001">18420986</marc:controlfield>
<marc:controlfield tag="003">LC</marc:controlfield><marc:controlfield tag="005">20141229125738.0</marc:controlfield><marc:controlfield tag="007">sd fsngnnmmned</marc:controlfield><marc:controlfield tag="008">141229s2012    nyurcn|           | eng  </marc:controlfield><marc:datafield tag="010" ind1=" " ind2=" "><marc:subfield code="a">  2014627577</marc:subfield></marc:datafield><marc:datafield tag="028" ind1="0" ind2="2"><marc:subfield code="a">RTCD 1004</marc:subfield><marc:subfield code="b">Rakish Tilt Records</marc:subfield></marc:datafield><marc:datafield tag="100" ind1="1" ind2=" "><marc:subfield code="a">McCarthy, Cormac</marc:subfield><marc:subfield code="c">(Singer)</marc:subfield><marc:subfield code="4">prf</marc:subfield><marc:subfield code="1">https://isni.org/isni/0000000046450913</marc:subfield><marc:subfield code="4">http://rdaregistry.info/Elements/e/object/P20039</marc:subfield></marc:datafield><marc:datafield tag="240" ind1="1" ind2="0"><marc:subfield code="a">Curious thing</marc:subfield><marc:subfield code="k">Recodings collection</marc:subfield><marc:subfield code="1">https://isni.org/isni/0000000046450913/curiousthing</marc:subfield></marc:datafield><marc:datafield tag="245" ind1="1" ind2="0"><marc:subfield code="a">Curious thing</marc:subfield><marc:subfield code="h">[sound recording] /</marc:subfield><marc:subfield code="c">Cormac McCarthy.</marc:subfield></marc:datafield><marc:datafield tag="260" ind1=" " ind2=" "><marc:subfield code="a">South Berwick, ME :</marc:subfield><marc:subfield code="b">Rakish Tilt Records,</marc:subfield><marc:subfield code="c">[2006]</marc:subfield></marc:datafield><marc:datafield tag="300" ind1=" " ind2=" "><marc:subfield code="a">1 sound disc :</marc:subfield><marc:subfield code="b">digital ;</marc:subfield><marc:subfield code="c">4 3/4 in.</marc:subfield></marc:datafield><marc:datafield tag="336" ind1=" " ind2=" "><marc:subfield code="a">performed music</marc:subfield><marc:subfield code="2">rdacontent</marc:subfield><marc:subfield code="0">http://rdaregistry.info/termList/RDAContentType/1011</marc:subfield></marc:datafield><marc:datafield tag="337" ind1=" " ind2=" "><marc:subfield code="a">audio</marc:subfield><marc:subfield code="2">rdamedia</marc:subfield><marc:subfield code="0">http://rdaregistry.info/termList/RDAMediaType/1001</marc:subfield></marc:datafield><marc:datafield tag="338" ind1=" " ind2=" "><marc:subfield code="a">compact disc</marc:subfield><marc:subfield code="2">rdacarrier</marc:subfield><marc:subfield code="0">http://rdaregistry.info/termList/RDACarrierType/1013</marc:subfield></marc:datafield><marc:datafield tag="500" ind1=" " ind2=" "><marc:subfield code="a">Compact disc.</marc:subfield></marc:datafield><marc:datafield tag="505" ind1="0" ind2=" "><marc:subfield code="a">Spring snow -- Curious thing in the middle -- The asylum of your arms -- Fishing -- Easy as Pi -- Second skin -- This beautiful place -- Great big day -- So many miles -- Follow your heart -- A little something -- While the world is sleeping.</marc:subfield></marc:datafield><marc:datafield tag="700" ind1="1" ind2="2"><marc:subfield code="a">McCarthy, Cormac</marc:subfield><marc:subfield code="t">Spring snow</marc:subfield><marc:subfield code="1">https://isni.org/isni/0000000046450913/curiousthing/01</marc:subfield></marc:datafield><marc:datafield tag="700" ind1="1" ind2="2"><marc:subfield code="a">McCarthy, Cormac</marc:subfield><marc:subfield code="t">Curious thing in the middle</marc:subfield><marc:subfield code="1">https://isni.org/isni/0000000046450913/curiousthing/02</marc:subfield></marc:datafield><marc:datafield tag="700" ind1="1" ind2="2"><marc:subfield code="a">McCarthy, Cormac</marc:subfield><marc:subfield code="t">The asylum of your arms</marc:subfield><marc:subfield code="1">https://isni.org/isni/0000000046450913/curiousthing/03</marc:subfield></marc:datafield><marc:datafield tag="700" ind1="1" ind2="2"><marc:subfield code="a">McCarthy, Cormac</marc:subfield><marc:subfield code="t">Fishing</marc:subfield><marc:subfield code="1">https://isni.org/isni/0000000046450913/curiousthing/04</marc:subfield></marc:datafield><marc:datafield tag="700" ind1="1" ind2="2"><marc:subfield code="a">McCarthy, Cormac</marc:subfield><marc:subfield code="t">Easy as Pi</marc:subfield><marc:subfield code="1">https://isni.org/isni/0000000046450913/curiousthing/05</marc:subfield></marc:datafield><marc:datafield tag="700" ind1="1" ind2="2"><marc:subfield code="a">McCarthy, Cormac</marc:subfield><marc:subfield code="t">Second skin</marc:subfield><marc:subfield code="1">https://isni.org/isni/0000000046450913/curiousthing/06</marc:subfield></marc:datafield><marc:datafield tag="700" ind1="1" ind2="2"><marc:subfield code="a">McCarthy, Cormac</marc:subfield><marc:subfield code="t">This beautiful place</marc:subfield><marc:subfield code="1">https://isni.org/isni/0000000046450913/curiousthing/07</marc:subfield></marc:datafield><marc:datafield tag="700" ind1="1" ind2="2"><marc:subfield code="a">McCarthy, Cormac</marc:subfield><marc:subfield code="t">Great big day</marc:subfield><marc:subfield code="1">https://isni.org/isni/0000000046450913/curiousthing/08</marc:subfield></marc:datafield><marc:datafield tag="700" ind1="1" ind2="2"><marc:subfield code="a">McCarthy, Cormac</marc:subfield><marc:subfield code="t">So many miles</marc:subfield><marc:subfield code="1">https://isni.org/isni/0000000046450913/curiousthing/09</marc:subfield></marc:datafield><marc:datafield tag="700" ind1="1" ind2="2"><marc:subfield code="a">McCarthy, Cormac</marc:subfield><marc:subfield code="t">Follow your heart</marc:subfield><marc:subfield code="1">https://isni.org/isni/0000000046450913/curiousthing/10</marc:subfield></marc:datafield><marc:datafield tag="700" ind1="1" ind2="2"><marc:subfield code="a">McCarthy, Cormac</marc:subfield><marc:subfield code="t">A little something</marc:subfield><marc:subfield code="1">https://isni.org/isni/0000000046450913/curiousthing/11</marc:subfield></marc:datafield><marc:datafield tag="700" ind1="1" ind2="2"><marc:subfield code="a">McCarthy, Cormac</marc:subfield><marc:subfield code="t">While the world is sleeping.</marc:subfield><marc:subfield code="1">https://isni.org/isni/0000000046450913/curiousthing/12</marc:subfield></marc:datafield><marc:datafield tag="511" ind1="0" ind2=" "><marc:subfield code="a">Cormac McCarthy, vocals, guitar, harmonica ; with assisting musicians.</marc:subfield></marc:datafield><marc:datafield tag="518" ind1=" " ind2=" "><marc:subfield code="a">Recorded at Hi-N-Dry Studios, Cambridge, Mass.</marc:subfield></marc:datafield></marc:record>