
<marc:record><marc:leader>02923cjm a2200445 a 4500</marc:leader>
<marc:controlfield tag="001">12077961</marc:controlfield>
<marc:controlfield tag="003">LC</marc:controlfield><marc:controlfield tag="005">20180205105259.0</marc:controlfield><marc:controlfield tag="007">sd fsngnnmmned</marc:controlfield><marc:controlfield tag="008">960405s1995    ctuppn|  d        | eng  </marc:controlfield><marc:datafield tag="010" ind1=" " ind2=" "><marc:subfield code="a">   99593414 </marc:subfield></marc:datafield><marc:datafield tag="024" ind1="1" ind2=" "><marc:subfield code="a">048248212229</marc:subfield></marc:datafield><marc:datafield tag="028" ind1="0" ind2="2"><marc:subfield code="a">GLCD 2122</marc:subfield><marc:subfield code="b">Green Linnet</marc:subfield></marc:datafield><marc:datafield tag="100" ind1="1" ind2=" "><marc:subfield code="a">McCarthy, Cormac</marc:subfield><marc:subfield code="c">(Singer)</marc:subfield><marc:subfield code="4">prf</marc:subfield><marc:subfield code="1">https://isni.org/isni/0000000046450913</marc:subfield><marc:subfield code="4">http://rdaregistry.info/Elements/e/object/P20039</marc:subfield></marc:datafield><marc:datafield tag="240" ind1="1" ind2="0"><marc:subfield code="a">Picture gallery blues</marc:subfield><marc:subfield code="k">Recodings collection</marc:subfield><marc:subfield code="1">https://isni.org/isni/0000000046450913/picturegalleryblues</marc:subfield></marc:datafield><marc:datafield tag="245" ind1="1" ind2="0"><marc:subfield code="a">Picture gallery blues</marc:subfield><marc:subfield code="h">[sound recording] /</marc:subfield><marc:subfield code="c">Cormac McCarthy.</marc:subfield></marc:datafield><marc:datafield tag="260" ind1=" " ind2=" "><marc:subfield code="a">Danbury, CT :</marc:subfield><marc:subfield code="b">Green Linnet,</marc:subfield><marc:subfield code="c">p1995.</marc:subfield></marc:datafield><marc:datafield tag="300" ind1=" " ind2=" "><marc:subfield code="a">1 sound disc :</marc:subfield><marc:subfield code="b">digital ;</marc:subfield><marc:subfield code="c">4 3/4 in.</marc:subfield></marc:datafield><marc:datafield tag="336" ind1=" " ind2=" "><marc:subfield code="a">performed music</marc:subfield><marc:subfield code="2">rdacontent</marc:subfield><marc:subfield code="0">http://rdaregistry.info/termList/RDAContentType/1011</marc:subfield></marc:datafield><marc:datafield tag="337" ind1=" " ind2=" "><marc:subfield code="a">audio</marc:subfield><marc:subfield code="2">rdamedia</marc:subfield><marc:subfield code="0">http://rdaregistry.info/termList/RDAMediaType/1001</marc:subfield></marc:datafield><marc:datafield tag="338" ind1=" " ind2=" "><marc:subfield code="a">compact disc</marc:subfield><marc:subfield code="2">rdacarrier</marc:subfield><marc:subfield code="0">http://rdaregistry.info/termList/RDACarrierType/1013</marc:subfield></marc:datafield><marc:datafield tag="440" ind1=" " ind2="0"><marc:subfield code="a">Redbird series</marc:subfield></marc:datafield><marc:datafield tag="500" ind1=" " ind2=" "><marc:subfield code="a">All songs written by Cormac McCarthy except Marigold Hall, written by Bill Morrissey and Cormac McCarthy.</marc:subfield></marc:datafield><marc:datafield tag="500" ind1=" " ind2=" "><marc:subfield code="a">Compact disc.</marc:subfield></marc:datafield><marc:datafield tag="500" ind1=" " ind2=" "><marc:subfield code="a">Folk-pop music.</marc:subfield></marc:datafield><marc:datafield tag="500" ind1=" " ind2=" "><marc:subfield code="a">Lyrics inserted in container.</marc:subfield></marc:datafield><marc:datafield tag="505" ind1="0" ind2=" "><marc:subfield code="a">The immigrant gangster (3:42) -- Blue Cadillac (5:09) -- Map of your heart (3:19) -- Picture gallery blues (4:16) -- Light at the top of the stairs (5:16) -- Small house (3:56) -- That's how it is (3:29) -- Run away (3:33) -- Marigold Hall (4:01) -- Last ditch (3:24).</marc:subfield></marc:datafield><marc:datafield tag="700" ind1="1" ind2="2"><marc:subfield code="a">McCarthy, Cormac</marc:subfield><marc:subfield code="t">The immigrant gangster</marc:subfield><marc:subfield code="1">https://isni.org/isni/0000000046450913/picturegalleryblues/01</marc:subfield></marc:datafield><marc:datafield tag="700" ind1="1" ind2="2"><marc:subfield code="a">McCarthy, Cormac</marc:subfield><marc:subfield code="t">Blue Cadillac</marc:subfield><marc:subfield code="1">https://isni.org/isni/0000000046450913/picturegalleryblues/02</marc:subfield></marc:datafield><marc:datafield tag="700" ind1="1" ind2="2"><marc:subfield code="a">McCarthy, Cormac</marc:subfield><marc:subfield code="t">Map of your heart</marc:subfield><marc:subfield code="1">https://isni.org/isni/0000000046450913/picturegalleryblues/03</marc:subfield></marc:datafield><marc:datafield tag="700" ind1="1" ind2="2"><marc:subfield code="a">McCarthy, Cormac</marc:subfield><marc:subfield code="t">Picture gallery blues</marc:subfield><marc:subfield code="1">https://isni.org/isni/0000000046450913/picturegalleryblues/04</marc:subfield></marc:datafield><marc:datafield tag="700" ind1="1" ind2="2"><marc:subfield code="a">McCarthy, Cormac</marc:subfield><marc:subfield code="t">Light at the top of the stairs</marc:subfield><marc:subfield code="1">https://isni.org/isni/0000000046450913/picturegalleryblues/05</marc:subfield></marc:datafield><marc:datafield tag="700" ind1="1" ind2="2"><marc:subfield code="a">McCarthy, Cormac</marc:subfield><marc:subfield code="t">Small house</marc:subfield><marc:subfield code="1">https://isni.org/isni/0000000046450913/picturegalleryblues/06</marc:subfield></marc:datafield><marc:datafield tag="700" ind1="1" ind2="2"><marc:subfield code="a">McCarthy, Cormac</marc:subfield><marc:subfield code="t">That's how it is</marc:subfield><marc:subfield code="1">https://isni.org/isni/0000000046450913/picturegalleryblues/07</marc:subfield></marc:datafield><marc:datafield tag="700" ind1="1" ind2="2"><marc:subfield code="a">McCarthy, Cormac</marc:subfield><marc:subfield code="t">Run away</marc:subfield><marc:subfield code="1">https://isni.org/isni/0000000046450913/picturegalleryblues/08</marc:subfield></marc:datafield><marc:datafield tag="700" ind1="1" ind2="2"><marc:subfield code="a">McCarthy, Cormac</marc:subfield><marc:subfield code="t">Marigold Hall</marc:subfield><marc:subfield code="1">https://isni.org/isni/0000000046450913/picturegalleryblues/09</marc:subfield></marc:datafield><marc:datafield tag="700" ind1="1" ind2="2"><marc:subfield code="a">McCarthy, Cormac</marc:subfield><marc:subfield code="t">Last ditch</marc:subfield><marc:subfield code="1">https://isni.org/isni/0000000046450913/picturegalleryblues/10</marc:subfield></marc:datafield><marc:datafield tag="508" ind1=" " ind2=" "><marc:subfield code="a">Produced by Peter Gallway.</marc:subfield></marc:datafield><marc:datafield tag="511" ind1="0" ind2=" "><marc:subfield code="a">Cormac McCarthy, guitar, vocals ; with vocal and instrumental acc.</marc:subfield></marc:datafield><marc:datafield tag="518" ind1=" " ind2=" "><marc:subfield code="a">Recorded at Soundworks, Watertown, Mass.; Fishtraks, Portsmouth, NH; and Gallway Bay Music, New York City.</marc:subfield></marc:datafield></marc:record>