
<marc:record><marc:leader>02787cjm a2200481 a 4500</marc:leader>
<marc:controlfield tag="001">5628905</marc:controlfield>
<marc:controlfield tag="003">LC</marc:controlfield><marc:controlfield tag="005">20180205103625.0</marc:controlfield><marc:controlfield tag="007">sd fsngnnmmned</marc:controlfield><marc:controlfield tag="008">910827s1990    ctuppn|  d        | eng  </marc:controlfield><marc:datafield tag="010" ind1=" " ind2=" "><marc:subfield code="a">   91741702 </marc:subfield></marc:datafield><marc:datafield tag="024" ind1="1" ind2=" "><marc:subfield code="a">048248210225</marc:subfield></marc:datafield><marc:datafield tag="028" ind1="0" ind2="2"><marc:subfield code="a">GLCD 2102</marc:subfield><marc:subfield code="b">Green Linnet</marc:subfield></marc:datafield><marc:datafield tag="041" ind1="0" ind2=" "><marc:subfield code="d">eng</marc:subfield><marc:subfield code="e">eng</marc:subfield></marc:datafield><marc:datafield tag="100" ind1="1" ind2=" "><marc:subfield code="a">McCarthy, Cormac</marc:subfield><marc:subfield code="c">(Singer)</marc:subfield><marc:subfield code="4">prf</marc:subfield><marc:subfield code="1">https://isni.org/isni/0000000046450913</marc:subfield><marc:subfield code="4">http://rdaregistry.info/Elements/e/object/P20039</marc:subfield></marc:datafield><marc:datafield tag="240" ind1="1" ind2="0"><marc:subfield code="a">Troubled sleep</marc:subfield><marc:subfield code="k">Recodings collection</marc:subfield><marc:subfield code="1">https://isni.org/isni/0000000046450913/troubledsleep</marc:subfield></marc:datafield><marc:datafield tag="245" ind1="1" ind2="0"><marc:subfield code="a">Troubled sleep /</marc:subfield><marc:subfield code="c">Cormac McCarthy.</marc:subfield></marc:datafield><marc:datafield tag="260" ind1=" " ind2=" "><marc:subfield code="a">Danbury, CT :</marc:subfield><marc:subfield code="b">Green Linnet,</marc:subfield><marc:subfield code="c">℗1990.</marc:subfield></marc:datafield><marc:datafield tag="300" ind1=" " ind2=" "><marc:subfield code="a">1 audio disc :</marc:subfield><marc:subfield code="b">digital, stereo ;</marc:subfield><marc:subfield code="c">4 3/4 in.</marc:subfield></marc:datafield><marc:datafield tag="336" ind1=" " ind2=" "><marc:subfield code="a">performed music</marc:subfield><marc:subfield code="b">prm</marc:subfield><marc:subfield code="2">rdacontent</marc:subfield></marc:datafield><marc:datafield tag="337" ind1=" " ind2=" "><marc:subfield code="a">audio</marc:subfield><marc:subfield code="b">s</marc:subfield><marc:subfield code="2">rdamedia</marc:subfield></marc:datafield><marc:datafield tag="338" ind1=" " ind2=" "><marc:subfield code="a">audio disc</marc:subfield><marc:subfield code="b">sd</marc:subfield><marc:subfield code="2">rdacarrier</marc:subfield></marc:datafield><marc:datafield tag="336" ind1=" " ind2=" "><marc:subfield code="a">performed music</marc:subfield><marc:subfield code="2">rdacontent</marc:subfield><marc:subfield code="0">http://rdaregistry.info/termList/RDAContentType/1011</marc:subfield></marc:datafield><marc:datafield tag="337" ind1=" " ind2=" "><marc:subfield code="a">audio</marc:subfield><marc:subfield code="2">rdamedia</marc:subfield><marc:subfield code="0">http://rdaregistry.info/termList/RDAMediaType/1001</marc:subfield></marc:datafield><marc:datafield tag="338" ind1=" " ind2=" "><marc:subfield code="a">compact disc</marc:subfield><marc:subfield code="2">rdacarrier</marc:subfield><marc:subfield code="0">http://rdaregistry.info/termList/RDACarrierType/1013</marc:subfield></marc:datafield><marc:datafield tag="490" ind1="1" ind2=" "><marc:subfield code="a">Redbird series</marc:subfield></marc:datafield><marc:datafield tag="500" ind1=" " ind2=" "><marc:subfield code="a">All songs written by Cormac McCarthy.</marc:subfield></marc:datafield><marc:datafield tag="500" ind1=" " ind2=" "><marc:subfield code="a">Compact disc.</marc:subfield></marc:datafield><marc:datafield tag="500" ind1=" " ind2=" "><marc:subfield code="a">Lyrics on container insert.</marc:subfield></marc:datafield><marc:datafield tag="505" ind1="0" ind2=" "><marc:subfield code="a">Empty promises -- Life outside these walls -- Nobody but you -- Wild beneath my window -- When my boat is built again -- Why don't you stay -- Dreams -- Cows -- Waltz with the Captain's daughter -- Troubled sleep.</marc:subfield></marc:datafield><marc:datafield tag="700" ind1="1" ind2="2"><marc:subfield code="a">McCarthy, Cormac</marc:subfield><marc:subfield code="t">Empty promises</marc:subfield><marc:subfield code="1">https://isni.org/isni/0000000046450913/troubledsleep/00</marc:subfield></marc:datafield><marc:datafield tag="700" ind1="1" ind2="2"><marc:subfield code="a">McCarthy, Cormac</marc:subfield><marc:subfield code="t">Life outside these walls</marc:subfield><marc:subfield code="1">https://isni.org/isni/0000000046450913/troubledsleep/01</marc:subfield></marc:datafield><marc:datafield tag="700" ind1="1" ind2="2"><marc:subfield code="a">McCarthy, Cormac</marc:subfield><marc:subfield code="t">Nobody but you</marc:subfield><marc:subfield code="1">https://isni.org/isni/0000000046450913/troubledsleep/02</marc:subfield></marc:datafield><marc:datafield tag="700" ind1="1" ind2="2"><marc:subfield code="a">McCarthy, Cormac</marc:subfield><marc:subfield code="t">Wild beneath my window</marc:subfield><marc:subfield code="1">https://isni.org/isni/0000000046450913/troubledsleep/03</marc:subfield></marc:datafield><marc:datafield tag="700" ind1="1" ind2="2"><marc:subfield code="a">McCarthy, Cormac</marc:subfield><marc:subfield code="t">When my boat is built again</marc:subfield><marc:subfield code="1">https://isni.org/isni/0000000046450913/troubledsleep/04</marc:subfield></marc:datafield><marc:datafield tag="700" ind1="1" ind2="2"><marc:subfield code="a">McCarthy, Cormac</marc:subfield><marc:subfield code="t">Why don't you stay</marc:subfield><marc:subfield code="1">https://isni.org/isni/0000000046450913/troubledsleep/05</marc:subfield></marc:datafield><marc:datafield tag="700" ind1="1" ind2="2"><marc:subfield code="a">McCarthy, Cormac</marc:subfield><marc:subfield code="t">Dreams</marc:subfield><marc:subfield code="1">https://isni.org/isni/0000000046450913/troubledsleep/06</marc:subfield></marc:datafield><marc:datafield tag="700" ind1="1" ind2="2"><marc:subfield code="a">McCarthy, Cormac</marc:subfield><marc:subfield code="t">Cows</marc:subfield><marc:subfield code="1">https://isni.org/isni/0000000046450913/troubledsleep/07</marc:subfield></marc:datafield><marc:datafield tag="700" ind1="1" ind2="2"><marc:subfield code="a">McCarthy, Cormac</marc:subfield><marc:subfield code="t">Waltz with the Captain's daughter</marc:subfield><marc:subfield code="1">https://isni.org/isni/0000000046450913/troubledsleep/08</marc:subfield></marc:datafield><marc:datafield tag="700" ind1="1" ind2="2"><marc:subfield code="a">McCarthy, Cormac</marc:subfield><marc:subfield code="t">Troubled sleep.</marc:subfield><marc:subfield code="1">https://isni.org/isni/0000000046450913/troubledsleep/09</marc:subfield></marc:datafield><marc:datafield tag="511" ind1="0" ind2=" "><marc:subfield code="a">Performed by Cormac McCarthy, vocals, guitar, harmonica ; with accompanying musicians.</marc:subfield></marc:datafield><marc:datafield tag="518" ind1=" " ind2=" "><marc:subfield code="a">Recorded at Fishtracks, Portsmouth, N.H.</marc:subfield></marc:datafield><marc:datafield tag="830" ind1=" " ind2="0"><marc:subfield code="a">Redbird series.</marc:subfield></marc:datafield></marc:record>
</marc:collection>
